3044 5032
149 267 190 331 70
705 269 812 318 xxvu
922 331 924 335 ,

122 513 124 517 y
254 436 311 502 ille
334 420 447 501 contra
469 455 562 502 omne
585 436 667 502 inter
687 437 806 522 plures,
831 437 949 503 sensim
972 443 1004 504 et
1026 437 1234 523 pedetomtim
1258 439 1350 526 foris,

167 545 216 604 625
256 539 395 622 nequem
418 538 541 605 laedat.

255 717 354 802 poulo
377 715 438 780 hoc
452 710 567 776 melius
583 729 680 794 quam
696 708 873 795 mediocre,
896 711 958 778 hoc
977 713 1074 778 minu'
1098 714 1220 779 malum
1236 720 1369 797 quamsi

1111 835 1312 901 pessumum.

256 992 407 1057 insanum
429 989 547 1053 vocant
569 1003 664 1066 quem
686 983 817 1047 maltam
840 1002 879 1048 ac
902 985 1141 1071 seminam-'’dioi
1162 987 1287 1053 vident.

259 1178 343 1246 quae
358 1156 481 1241 pictas!
508 1153 744 1236 monogrammi
767 1154 908 1238 quinque
923 1153 1053 1220 adducti
1068 1157 1223 1240 pietatem
1239 1166 1374 1225 vocant.

257 1331 335 1398 facit
347 1328 433 1395 idem
446 1326 533 1412 quod
545 1325 592 1389 illi
604 1325 659 1409 qui
670 1325 882 1411 inscriptume
891 1332 986 1411 portu
995 1333 1166 1412 exponant
1174 1302 1373 1416 clanculum,

168 1442 221 1502 666
258 1454 299 1500 ne
320 1429 498 1518 portorium
521 1429 608 1493 dent.

258 1624 325 1669 rom
346 1601 461 1688 populi
483 1600 586 1666 salute
608 1604 639 1665 et
660 1600 742 1666 fictis
765 1602 912 1667 versibus
935 1602 1088 1689 Lucilius,

259 1703 367 1790 quibu’
392 1709 511 1788 potest,
536 1701 690 1788 impertit,
713 1708 880 1788 totumque
901 1704 963 1769 hoc
984 1704 1128 1772 studiose
1152 1713 1184 1772 et
1206 1707 1336 1774 sedulo.

261 1837 399 1961 sospita,
422 1873 539 1958 inperti
561 1874 665 1970 salute
686 1875 827 1959 plurima
849 1880 881 1942 et
901 1876 1101 1961 plenissima.

230 2100 296 2161 624.
336 2097 452 2159 Nonius
477 2116 505 2174 p.
521 2098 601 2172 29,6
628 2096 872 2176 “Pedetompiim
897 2102 927 2157 et
951 2096 1157 2176 pedepressim
1186 2100 1300 2161 dictum
1326 2105 1390 2161 est

155 2202 254 2272 caute,
281 2194 368 2272 quasi
393 2193 476 2251 lente
493 2197 524 2251 et
543 2189 631 2252 tarda
650 2192 749 2252 itione.
777 2237 830 2251 ...
851 2192 985 2252 Lucilius
1006 2194 1056 2254 lib.
1073 2213 1160 2254 xxvu
1185 2194 1245 2254 ‘ille
1266 2202 1390 2256 contra

155 2309 256 2350 ouum
270 2337 277 2350 .
291 2335 297 2348 .
310 2335 316 2350 .
328 2286 463 2347 laedet’.’'

232 2385 298 2444 626.
338 2381 455 2441 Nonius
471 2381 554 2456 pus,
561 2380 598 2438 28
610 2376 822 2440 “Mediocriias
834 2379 962 2440 medium
974 2429 980 2443 .
990 2426 996 2439 .
1005 2429 1011 2443 .
1019 2381 1116 2444 Lucil.
1127 2383 1179 2444 lib.
1188 2402 1276 2441 xxvu
1288 2382 1386 2462 ‘pau-

155 2479 186 2538 lo
201 2523 227 2538 ..
243 2494 350 2555 .quam
368 2493 410 2532 uu
432 2472 679 2530 oocssummum’.”
1039 2515 1043 2522 .

233 2570 298 2631 627.
338 2562 455 2628 Nouius
475 2587 504 2645 p.
518 2566 598 2644 3l‚8
619 2566 749 2626 “Multas
770 2572 885 2627 veteres
906 2568 1010 2629 molles
1032 2571 1178 2647 appellari
1203 2573 1386 2646 voluerunt,

156 2685 174 2729 a
191 2665 324 2741 Graeco,
345 2663 431 2742 quasi
451 2663 599 2722 malaeus,
627 2662 760 2722 Lucilius
781 2663 832 2722 lib.
844 2683 930 2722 xxvn
951 2664 1095 2724 ‘insanum
1111 2668 1302 2725 ...viouu’.'’

233 2762 299 2821 628.
340 2759 456 2818 Nonius
478 2777 506 2835 p.
521 2756 568 2831 37,
586 2759 621 2815 15
643 2757 879 2833 “Monogrammi
894 2804 901 2818 .
914 2803 919 2815 .
933 2803 939 2816 .
951 2758 1065 2835 (cetera
1086 2758 1235 2858 adscripsi
1253 2760 1333 2822 libro
1354 2778 1386 2818 11

155 2876 182 2915 v.
196 2855 246 2932 51)
264 2859 295 2913 et
314 2852 454 2912 vicesimo
468 2870 510 2908 vu
533 2850 620 2927 ‘quae
637 2896 662 2909 ..
676 2897 682 2909 .
696 2852 839 2913 vocaut’.''

232 2950 298 3007 629.
337 2946 455 3007 Nouius
476 2962 505 3021 p.
521 2942 569 3018 37,
586 2946 620 3003 18
648 2944 836 3005 “Portorium
858 2947 966 3007 dicitur
985 2964 1098 3006 merces
1120 2965 1197 3025 quas
1217 2950 1382 3024 portitori·

155 3046 211 3104 bus
234 3042 337 3102 datur.
365 3039 499 3098 Lucilius
519 3037 571 3096 lib.
586 3057 673 3095 xxvu
694 3038 777 3100 ‘facit
791 3087 797 3098 .
811 3087 816 3100 .
829 3087 835 3101 .
850 3043 1013 3119 portorium
1034 3041 1222 3120 (portuosum
1243 3043 1383 3106 Leiden-

157 3137 211 3215 sis)
232 3134 337 3195 dent'.''

233 3233 299 3291 631.
338 3227 369 3288 N
371 3227 454 3287 ouius
471 3244 500 3303 p.
509 3227 620 3301 308,24
636 3224 795 3304 “Fingere
811 3247 996 3306 componere.
1019 3231 1212 3292 ...Lucilius
1227 3234 1379 3295 lib.xxv11

156 3327 243 3386 ‘mum
262 3323 368 3403 populi
387 3324 481 3383 salute
502 3327 533 3381 et
547 3369 553 3381 .
566 3368 572 3381 .
585 3365 591 3378 .
603 3321 768 3398 impertit'.”
855 3323 941 3384 Idem
960 3343 990 3402 p.
1003 3324 1050 3400 37,
1066 3329 1103 3385 22
1123 3324 1306 3403 “Impertite
1328 3333 1378 3390 est

155 3420 335 3501 participare
355 3422 385 3477 et
399 3421 514 3493 partem
529 3414 614 3475 dare.
647 3417 781 3476 Lucilius
801 3418 852 3477 lib.
864 3418 1084 3496 xxv11“quibus
1098 3426 1200 3495 potest
1214 3415 1375 3499 inpertit’.”

241 3515 328 3574 Idem
346 3531 376 3589 p.
391 3509 437 3585 37,
453 3512 490 3570 28
510 3508 673 3570 “Sedulum
696 3512 844 3587 significat
865 3514 928 3574 sine
951 3515 1036 3574 dolo.
1066 3515 1201 3574 Lucilius
1221 3517 1274 3577 lib.
1286 3535 1373 3577 xxvu

157 3611 294 3672 ‘salutem
321 3605 398 3664 fictis
419 3604 518 3680 (factm
538 3604 708 3681 Leidensis)
730 3606 867 3667 versibus
889 3609 958 3667 luol'
980 3610 1098 3687 (lucilius
1117 3608 1290 3687 Leidensid)
1312 3613 1372 3690 qui·

156 3708 213 3768 bus
228 3750 235 3763 .
248 3751 254 3765 .
267 3748 273 3760 .
287 3697 426 3761 sedulo'.''

177 3847 181 3856 .
234 3799 301 3858 633.
340 3793 456 3854 Nonius
472 3811 501 3869 p.
511 3791 578 3866 472,
591 3795 626 3853 15
648 3792 804 3871 “Inpertit.
832 3793 966 3856 Lucilius
983 3796 1034 3855 lib.
1045 3814 1132 3854 xxvu
1152 3797 1315 3858 ‘soscmsu
1328 3819 1368 3858 m·

155 3911 272 3952 cusum
294 3905 436 3947 ssuuuum
451 3935 457 3949 .
470 3935 476 3948 .
488 3933 495 3946 .
507 3887 716 3964 plenissima’.’'

233 4088 299 4148 624.
340 4098 439 4148 costra
459 4105 537 4146 omne
557 4085 633 4146 dixit
654 4087 725 4146 alibi
745 4087 888 4148 Lucilius.

233 4169 298 4226 626.
339 4164 418 4224 Olim
437 4165 574 4242 impressi
594 4183 676 4242 qoam
695 4177 727 4224 ut
740 4170 896 4242 pessimum.

236 4239 302 4303 627.
341 4245 434 4301 videm
452 4243 565 4303 Dousa.

235 4321 300 4384 633.
321 4317 441 4381 *Conl
464 4338 566 4384 comm.
588 4321 619 4380 in
638 4319 728 4380 Lucr.
749 4339 778 4400 p.
795 4323 858 4380 116.
