3044 5032
244 301 289 365 40
826 298 867 347 xr

244 470 264 513 *
354 472 501 537 conicere
523 470 687 536 inversus
710 468 829 533 dictum
850 466 1011 550 praeconi'
1035 463 1184 530 volebam

354 573 465 639 Grani.

356 779 416 826 nec
437 757 514 824 mihi
537 761 680 822 amatore
702 755 763 822 hoo
785 756 856 840 opu’
880 774 940 820 nee
961 755 1084 820 tricone
1104 751 1235 818 vadato.

264 955 315 1012 ³45
1216 937 1282 1002 viai

355 1047 547 1115 sternendae
567 1045 751 1115 iaciendum
773 1045 835 1110 huo
856 1063 1009 1126 aggerem
1032 1048 1064 1107 et
1085 1040 1119 1106 id
1139 1041 1235 1123 genu'
1259 1039 1371 1107 rudus.

448 1235 542 1300 Gotta
564 1253 674 1316 senex,
698 1231 798 1296 crassi
820 1233 913 1315 pater
935 1227 1021 1292 huiu'
1047 1225 1198 1313 [panaci],

333 1337 482 1432 ¹magnn’
507 1335 568 1400 fuit
588 1334 668 1400 trioo
691 1331 889 1415 nummarius,
913 1330 1040 1396 solvere
1061 1329 1152 1416 nulli,

354 1441 470 1504 lentus.

268 1634 320 1692 050
356 1627 383 1692 si
406 1624 533 1690 tricosu’
555 1623 790 1705 bovinatorque
814 1642 869 1687 ore
891 1620 1037 1707 inprobu'
1063 1623 1143 1687 duro

325 1816 390 1872 342.
432 1811 546 1871 Gellius
559 1829 600 1883 rv,
613 1806 647 1867 11
665 1807 770 1866 “Idem
784 1808 861 1867 infra
876 1809 1022 1870 ‘conicere
1034 1856 1041 1869 .
1055 1856 1061 1869 .
1073 1855 1080 1871 .
1090 1808 1200 1869 Grani'.
1222 1809 1252 1867 in
1265 1809 1323 1870 hac
1340 1827 1464 1887 quoque

248 1907 334 1985 primi
355 1906 438 1966 verbi
458 1903 679 1983 praepositione
701 1904 737 1963 ob
760 1903 884 1962 candem
906 1921 1025 1963 causam
1047 1902 1240 1981 producunt.’'
1352 1901 1463 1962 Cicero

247 2003 277 2060 in
293 2002 387 2060 Bruto
408 2002 526 2074 43,160
548 1998 681 2058 “Multae
703 1997 808 2056 deinde
830 2016 954 2071 causae;
976 1997 1085 2058 sedita
1100 1997 1209 2057 tacitus
1229 1997 1409 2072 tribunatus,
1431 2002 1465 2056 ut

248 2095 307 2154 nisi
328 2096 358 2152 in
380 2112 415 2152 eo
435 2094 612 2169 magistratu
633 2093 801 2151 cenavisset
814 2093 894 2169 apud
910 2109 1087 2169 praeconem
1104 2090 1248 2151 Granium
1269 2090 1359 2167 idque
1374 2091 1463 2150 nobis

248 2191 294 2249 bis
311 2188 492 2248 narravisset
505 2186 649 2261 Lucilius,
669 2186 818 2246 tribunum
833 2186 930 2262 plebis
945 2187 1125 2245 nesciremus
1145 2184 1264 2244 fuisset
1343 2184 1463 2244 Ibidem

247 2280 366 2357 40,112
387 2280 475 2354 “Ego
495 2282 612 2340 memini
633 2280 670 2340 T.
692 2280 817 2338 Tincam
838 2280 1048 2339 Placentinum
1074 2279 1219 2338 homiuem
1246 2279 1461 2338 facetissimum

249 2395 314 2434 oum
336 2374 472 2434 familiari
492 2380 594 2432 nostro
615 2374 652 2449 Q.
674 2372 787 2434 Granio
806 2391 954 2449 praecone
976 2375 1136 2433 dicacitate
1158 2380 1281 2433 certare.
1323 2375 1398 2449 eon’,
1420 2374 1463 2431 in·

250 2471 313 2546 quit
333 2470 455 2538 BrutuS,
476 2467 512 2524 de
534 2484 593 2542 quo
613 2469 707 2528 multa
726 2466 882 2527 Lucilius?
902 2468 959 2526 isto
980 2468 1073 2544 ipso.’'

329 2563 394 2620 344.
434 2559 550 2623 Nonius
571 2579 601 2638 p.
615 2562 642 2637 8,
656 2564 694 2621 23
715 2561 844 2639 '‘Tricae
872 2567 940 2620 snut
964 2562 1166 2639 iupedimenta
1186 2569 1216 2620 et
1234 2562 1463 2638 implicationes.

251 2703 275 2718 ..
288 2704 295 2716 .
309 2655 443 2714 Lucilius
465 2659 555 2730 satyr.
576 2655 627 2715 lib.
642 2674 674 2712 xr
695 2657 760 2715 ‘nec
780 2656 850 2714 mihi
869 2673 977 2712 anona
993 2656 1198 2716 ...vadato'.''

326 2752 391 2810 345.
430 2748 460 2807 N
463 2748 548 2807 ouius
567 2768 597 2827 p.
614 2748 862 2826 18,1t“Rudus,
880 2755 1002 2825 stercus,
1017 2749 1099 2826 qnod
1113 2748 1236 2809 raditur.
1257 2749 1356 2810 Lucil.
1372 2757 1463 2827 satyr.

248 2847 299 2907 lib.
313 2864 345 2901 xr
367 2843 432 2900 ‘vnu
453 2861 632 2901 snnnnnnnn
652 2863 692 2900 nr
713 2843 881 2902 iaciendum
908 2844 964 2903 huc
992 2861 1133 2919 aggerem
1154 2844 1209 2920 (sic
1234 2843 1302 2902 olim
1322 2844 1464 2922 impressi

249 2947 279 3000 et
299 2937 355 2998 nisi
376 2936 464 2995 fallor
484 2934 758 3012 Guelferbytanus:
789 2936 947 2995 Leidensis
969 2938 1089 3014 0900000)
1111 2945 1141 2998 et
1161 2938 1191 2996 id
1217 2954 1314 3013 genus
1336 2938 1465 2998 rudus’.'’

327 3028 391 3090 341.
432 3029 547 3089 Nonius
569 3049 598 3107 p.
612 3033 659 3104 22,
674 3033 712 3090 30
732 3029 905 3105 “Tricores,
926 3033 1035 3090 morosi
1063 3039 1093 3090 et
1118 3033 1157 3092 ad
1182 3033 1367 3091 reddendum
1389 3033 1464 3093 duri.

249 3125 383 3186 Lucilius
404 3129 568 3198 satyrarum
588 3125 639 3184 lib.
654 3141 686 3182 xr
708 3123 860 3184 ‘Cotta...
873 3128 979 3202 paneci
999 3127 1116 3202 (paceni
1136 3125 1309 3204 Leidensis)
1338 3144 1464 3204 magnus

250 3221 305 3278 fuit
324 3218 400 3278 trioo
416 3262 422 3277 .
436 3264 441 3276 .
455 3217 592 3293 .lcntns',
620 3217 651 3276 id
670 3225 717 3278 est
737 3219 858 3279 facilis.''
950 3219 1035 3279 Idem
1055 3239 1084 3298 p.
1100 3223 1166 3293 338,
1183 3223 1218 3279 10
1239 3220 1401 3297 “Lentum,
1422 3223 1464 3282 fa-

250 3313 315 3373 cile.
355 3310 489 3371 Lucilius
516 3319 681 3388 satyrarum
701 3313 751 3374 lib.
766 3332 798 3371 xr
825 3314 930 3375 ‘Cotta
945 3360 951 3374 .
964 3360 970 3374 .
983 3358 989 3373 .
1002 3333 1101 3390 pacem
1121 3333 1246 3392 magnus
1266 3320 1337 3374 trtco
1352 3319 1463 3392 jair...

248 3406 384 3466 lentns'.’'

326 3501 392 3560 300.
434 3497 547 3558 Gellius
568 3500 641 3575 x1‚l
664 3500 728 3560 “At
751 3502 801 3560 ille
821 3502 936 3560 iactans
960 3507 990 3561 et
1014 3503 1147 3578 gestiens
1175 3504 1245 3564 ‘non
1271 3507 1354 3564 enim¹
1371 3508 1465 3567 Luci·

249 3595 328 3653 linm’
349 3594 444 3669 inquit
465 3592 603 3669 legistis,
624 3595 675 3670 qui
687 3597 944 3672 tergiversatorem
959 3595 1163 3657 bovinatorem
1179 3597 1268 3659 dicit!
1299 3606 1347 3658 est
1366 3607 1465 3660 autem

248 3689 280 3746 in
295 3687 404 3746 Lucilii
424 3687 580 3746 undecimo
601 3704 703 3747 versus
723 3690 776 3760 bic,
795 3693 927 3766 striposas
940 3735 947 3749 .
959 3736 986 3750 ..
1003 3690 1113 3751 duro'.’'
1143 3691 1212 3751 hinc
1232 3693 1349 3752 Nonius
1370 3713 1401 3771 p.
1419 3694 1463 3770 19,

249 3784 287 3840 26
309 3781 516 3855 “Boviatores,
537 3799 611 3858 qnos
633 3800 710 3841 nnuc
729 3783 895 3843 malitiosos
915 3789 945 3842 et
960 3785 1205 3860 tergiversatores
1227 3787 1369 3849 dicimus.
1404 3791 1465 3850 Lu·

250 3878 335 3937 cilius
356 3877 406 3936 lib.
420 3895 453 3933 xr
473 3874 525 3934 ‘bic
543 3879 682 3934 sitricooaa
701 3877 881 3954 bociotorqac
895 3922 902 3938 .
914 3924 940 3937 ..
956 3878 1065 3940 duro'.'’

326 4040 393 4096 344.
434 4049 559 4098 amatore
580 4039 692 4099 Iunius.

326 4117 392 4174 345.
431 4120 486 4173 vim
505 4119 663 4174 sariendam
680 4126 707 4175 ct
725 4117 794 4176 olim
807 4117 951 4194 impressi.
984 4123 1111 4196 mamque
1123 4120 1307 4180 Stcracadam
1327 4133 1352 4183 ct
1371 4124 1465 4185 Ianus

250 4193 372 4268 Dousa,
400 4194 450 4269 qui
471 4193 625 4253 Hadriano
647 4192 734 4252 Iunio
754 4195 906 4254 adscribit.
944 4196 1025 4272 apud
1045 4195 1123 4255 hunc
1146 4213 1205 4254 non
1225 4197 1352 4260 invenio.
1388 4205 1465 4262 Mer-

251 4285 351 4344 cerus,
379 4271 428 4344 qui
454 4271 609 4329 stultitiam
629 4269 721 4330 Nonii
746 4278 827 4331 recte
848 4273 998 4348 exagitat,
1023 4278 1081 4332 otei
1102 4276 1465 4341 dromedariorum.

249 4346 373 4431 optimc:
395 4347 448 4406 sed
468 4352 526 4406 aiot
546 4349 683 4431 genetivo
704 4365 787 4424 casu,
810 4367 870 4412 nou
892 4350 1002 4413 dativo.
