3044 5032
706 329 840 382 XXVIIII

270 499 353 565 ratio
376 507 433 587 est,
458 499 613 570 dissociat
635 519 718 584 quae
740 499 827 566 bona
850 519 889 565 ac
911 500 1065 567 nefantia.

268 705 368 791 quid?
397 725 478 790 quas
500 705 635 791 partiret
658 702 751 791 [ipse]
775 725 834 790 pro
858 704 1004 771 doctrina
1025 705 1113 811 boni,

270 918 301 977 et
323 912 454 977 amabat
441 917 604 977 t.cmnes
638 930 713 977 nam
735 916 771 976 ut
758 911 963 978 tdiscrimen
985 931 1050 976 non
1075 910 1154 976 facit

268 1033 373 1097 neque
397 1015 504 1098 signat
525 1014 614 1080 linea
635 1014 720 1098 alba,

178 1224 225 1285 llo
266 1219 312 1286 sic
335 1218 448 1285 Socrat
435 1223 483 1284 tes
506 1219 541 1285 in
563 1239 690 1285 amore:
717 1221 752 1285 in
774 1218 1027 1288 adulescentulis

265 1322 430 1388 meliorem
452 1323 550 1407 paulo
573 1322 690 1389 faciem
712 1324 820 1405 signat
841 1323 952 1408 nilque
976 1328 1072 1389 amat.

178 1624 184 1635 Ι
266 1535 333 1594 tum
356 1526 435 1592 illud
455 1526 588 1625 epifani,
612 1528 699 1612 quod
721 1528 895 1595 etiamnum
918 1527 1028 1594 nobile
1052 1534 1109 1612 est,

267 1754 338 1800 cum
360 1734 422 1818 ipsi
444 1734 479 1799 in
501 1733 602 1799 lutum
624 1731 831 1818 descendant,
856 1753 927 1798 cum
950 1732 1033 1798 alios
1055 1727 1235 1798 detrahant.
1260 1830 1265 1836 .

265 1941 311 2005 uti
333 1958 420 2006 nunc
442 1939 502 2003 hac
524 1960 559 2006 re
582 1939 659 2004 mihi
683 1959 776 2025 opem
798 1944 897 2023 atque
920 1939 1076 2004 auxilium
1099 1938 1230 2005 offeras.

235 2196 300 2257 166.
318 2273 323 2282 ⁸
340 2198 371 2256 N
373 2197 457 2257 onius
472 2198 576 2274 piso,
589 2201 624 2258 16
639 2199 689 2258 “N
691 2199 803 2258 efantia
816 2216 871 2275 pro
886 2197 1026 2257 nefanda.
1049 2241 1094 2255 ...
1109 2197 1187 2256 idem
1203 2197 1255 2257 lib.
1263 2216 1368 2257 xxvnu

157 2293 312 2354 ‘dissociat
332 2310 434 2352 aucun
448 2310 547 2349 omnm
564 2313 601 2350 aa
617 2294 663 2368 (ae
678 2290 851 2369 Leidensis)
874 2291 1023 2352 nefantia'.
1054 2291 1154 2351 Varro
1170 2290 1369 2368 Sciemachia,

156 2385 224 2459 aspi
244 2385 345 2466 τύφου
367 2387 443 2462 ‘eg0,
463 2386 566 2463 inquit,
588 2405 652 2446 eam
674 2387 837 2463 suppetias,
859 2387 981 2463 quitunc
1002 2385 1134 2460 (quietata)
1156 2386 1226 2444 mihi
1248 2405 1304 2446 nec
1325 2405 1369 2446 res

157 2499 211 2540 nec
233 2481 309 2541 ratio
331 2484 386 2553 est,
366 2479 553 2540 tdissoeiat
541 2487 662 2558 totque
684 2485 777 2538 omnio
798 2497 834 2539 ac
856 2481 944 2540 nefan
947 2478 1042 2539 tia?'''

234 2573 299 2634 tot.
346 2574 461 2633 Nonius
489 2594 517 2652 p.
533 2574 600 2652 412,
622 2574 692 2634 ll
696 2574 841 2633 Pertinet
868 2592 921 2650 pro
948 2573 1118 2651 partiretmr
1154 2573 1293 2635 Lucilius
1320 2577 1369 2636 lib

158 2666 551 2744 xxv1111‘quid...boni'.”.

234 2761 300 2822 168.
323 2761 387 2822 tto.
420 2763 535 2824 Nonius
556 2783 585 2841 p.
597 2767 663 2839 282,
673 2761 919 2821 26‘D1sonmen
934 2779 1049 2820 rursum
1065 2770 1224 2839 separalo.
1248 2767 1370 2824 ...Lu-

158 2857 240 2916 cilius
260 2857 310 2915 lib.
321 2875 432 2914 xxvun
453 2857 493 2917 ‘et
513 2858 634 2918 amabat
649 2903 655 2916 .
669 2903 675 2916 .
688 2903 695 2916 .
707 2857 811 2916 alba’.”
890 2855 975 2915 Idem
997 2875 1026 2932 p.
1036 2859 1102 2933 405,
1117 2860 1160 2917 ll.
1176 2860 1211 2916 16
1233 2855 1370 2934 ‘Signare

89 2975 91 2979 ¹
157 2957 204 3009 est
225 2951 396 3024 designare,
420 2952 587 3010 ostendere.
620 2950 752 3009 Lucilius
779 2952 829 3010 lib.
845 2969 954 3008 xxvuu
975 2949 1027 3009 ‘sic
1055 2959 1187 3011 socrates
1214 2951 1244 3009 in
1272 2970 1370 3012 amore

154 3063 195 3101 ΕΤ
215 3045 245 3102 in
268 3043 499 3103 adulescentulis
525 3062 667 3101 montona
688 3045 777 3120 paulo
801 3063 890 3102 suem
913 3046 1012 3120 signat
1032 3047 1158 3122 nihilque
1181 3048 1369 3107 amaseni...

156 3136 298 3212 signare,
325 3138 507 3213 discernere,
528 3156 676 3215 separare.
710 3140 843 3198 Lucilius
870 3141 920 3199 lib.
935 3155 1030 3195 xvim
1047 3138 1125 3198 ‘nam
1149 3144 1182 3197 u't
1209 3139 1367 3200 discrimen

155 3232 317 3292 ...alba'.''

232 3323 296 3384 112.
337 3327 452 3385 Nouius
473 3343 502 3402 p.
516 3328 617 3403 352‚4
637 3325 775 3388 “Nobilis
798 3329 905 3388 dicitur
926 3335 956 3387 et
976 3334 1073 3386 notus.
1095 3366 1140 3387 ...
1158 3328 1296 3388 Lucilius
1317 3329 1367 3388 lib.

153 3438 264 3477 xxvnn
284 3420 355 3480 ‘tum
372 3420 518 3480 ...etiam
540 3441 605 3479 uum
625 3423 724 3482 nobile
746 3423 826 3481 est’.'’

230 3513 294 3575 tto.
334 3516 451 3575 Nonius
472 3518 581 3592 pass,
601 3519 635 3575 10
661 3510 862 3592 “Detraherc,
889 3516 1045 3577 extrahere
1068 3514 1117 3594 (1).
1156 3517 1293 3577 Lucilius
1314 3517 1364 3578 lib.

152 3626 261 3667 xxvuu
283 3608 358 3668 ‘oum
373 3656 379 3669 .
392 3656 398 3671 .
413 3656 419 3670 .
435 3609 629 3670 detrahant'.'’

231 3702 295 3764 174.
335 3703 451 3764 Nonius
473 3706 575 3780 paco,
589 3705 628 3763 24
648 3702 794 3777 “Offerre
811 3704 915 3763 efferre
933 3703 1057 3783 (adferre
1072 3705 1278 3782 Geneveusis).
1307 3707 1366 3766 Lu-

151 3796 237 3857 cilius
260 3798 312 3858 lib.
327 3817 438 3857 xxvuu
460 3799 511 3856 ‘uu
533 3816 610 3858 nnnc
626 3843 649 3858 ..
663 3843 669 3858 .
682 3797 825 3858 offeras’.’'

152 3937 355 3950 *...-n.-

229 4010 384 4072 168170
414 4012 529 4072 Notum
544 4018 590 4072 es
577 4012 798 4073 haecePla
787 4019 865 4072 oms
882 4011 1109 4072 Charmide
1057 4018 1119 4108 pe
1121 4018 1244 4087 inesse,
1261 4015 1365 4109 p.154.

148 4085 216 4162 ἐμοι
235 4087 290 4188 μὲν
311 4111 373 4158 ουν,
396 4077 545 4184 dissipo,
568 4083 657 4149 οὐδὲν
677 4092 763 4149 σταθ
763 4108 869 4187 optor
901 4085 1035 4184 ἀτεχνῶς
1052 4109 1113 4186 pop
1128 4087 1219 4186 λευκη
1235 4086 1323 4151 crud
1323 4113 1365 4168 ιη

149 4163 208 4240 cip*
187 4188 208 4222 ιι
173 4163 306 4242 μηρὸς
324 4165 398 4234 τοὺς
418 4165 538 4235 καλούς·
570 4164 680 4262 exodio
698 4161 757 4246 γάρ
777 4166 810 4225 τί
826 4188 879 4243 μοι
900 4162 1012 4235 πάντες
1032 4187 1060 4229 οι
1080 4187 1112 4225 εν
1131 4168 1170 4246 τῇ
1189 4164 1294 4253 ἡλικία
1315 4191 1366 4228 κα·

148 4240 195 4302 m
217 4242 550 4396 gfliivoyhhshilqaet
472 4330 550 4379 emat
567 4321 691 4396 primus,
712 4322 768 4380 nisi
788 4322 887 4396 fallor,
910 4322 1096 4397 Gerlaehius.

227 4400 291 4463 172.
313 4403 460 4457 etiamnum
480 4399 573 4459 Ianus
594 4399 707 4458 Densa.
