3044 5032
239 307 280 373 aa
477 396 479 401 Ι
680 314 858 388 γΧ

256 485 322 545 ³³00
851 481 885 546 in
905 483 1092 567 praeposito
1115 501 1174 567 per

344 583 549 669 pelliciendo,
573 585 633 649 hoc
657 589 706 650 est
728 585 762 649 in
783 582 940 667 ducendo,
965 584 1127 668 geminato
1150 586 1172 649 l.

235 757 326 842 ,33οῑ
353 753 419 814 “Ae
442 757 598 834 syllabam,
621 755 704 815 cuius
726 755 886 815 secundam
909 772 985 813 nunc
1006 772 1022 814 e
1042 754 1170 812 litteram
1197 757 1348 830 ponimus,
1374 757 1453 816 varie

347 871 401 931 per
422 871 440 911 a
460 858 489 911 et
509 851 518 908 i
540 850 716 925 efferebant,
743 848 863 926 quidam
884 864 1000 928 sempor
1019 854 1051 906 ut
1073 846 1191 919 Graeci,
1213 850 1333 926 quidam
1353 851 1453 925 singu·

346 946 449 1008 lariter
468 951 590 1020 tantum,
612 961 677 1004 cum
697 944 728 1002 in
748 943 878 1023 dativum
899 942 946 1001 vel
966 941 1128 1025 genitivum
1149 959 1250 1001 casum
1268 943 1453 1018 incidissent,

347 1040 426 1099 unde
443 1025 550 1116 'pictai
580 1038 672 1098 uestis
702 1043 732 1097 et
762 1035 842 1096 aulai
870 1034 1015 1110 Virgilius
1046 1037 1264 1096 amantissimus
1295 1039 1452 1098 vetustatis

348 1133 527 1193 carminibus
553 1131 685 1191 inseruit.
731 1131 761 1188 in
786 1129 891 1190 iisdem
916 1130 1024 1205 plurali
1047 1148 1168 1190 numero
1189 1149 1204 1190 e
1225 1133 1399 1208 utebantur,
1425 1132 1454 1191 hi

314 1268 317 1275 -
343 1226 444 1304 Syllae
459 1225 585 1287 Galbae.
606 1231 653 1285 est
665 1225 695 1283 in
708 1223 764 1284 hac
785 1241 904 1300 quoque
924 1229 1008 1299 parto
1022 1222 1132 1283 Lucilii
1151 1232 1352 1303 praeceptum,
1374 1227 1454 1302 qnod

344 1323 414 1399 quia
439 1319 572 1398 pluribus
600 1320 765 1395 explicatur
785 1319 936 1386 uorsibus,
964 1317 988 1376 si
1017 1319 1081 1394 quis
1107 1336 1211 1395 parom
1237 1320 1353 1393 credet,
1374 1319 1455 1396 apud

347 1417 445 1491 ipsum
465 1415 494 1472 in
515 1430 593 1472 nono
613 1413 771 1490 requirat.''
805 1412 1004 1486 Quintilianus
1026 1411 1117 1470 instit.
1132 1431 1151 1487 1,
1166 1410 1193 1488 l,
1210 1416 1254 1472 19.
1353 1412 1454 1473 “Scri-

347 1510 441 1568 bimus
456 1526 509 1567 uos
525 1510 601 1568 enim
615 1526 764 1568 musarum
778 1506 900 1584 primam
916 1507 1062 1582 syllabam
1076 1505 1193 1567 duabus
1207 1507 1325 1582 litteris,
1345 1506 1455 1567 Graeci

344 1603 447 1662 tribus.
494 1601 626 1662 Lucilius
654 1603 684 1661 in
711 1602 812 1661 dativo
839 1614 911 1660 casu
936 1617 954 1658 a
981 1605 1012 1657 et
1037 1617 1052 1658 e
1080 1600 1233 1677 coniungit
1259 1601 1361 1660 dicens
1388 1601 1455 1660 huic

347 1696 504 1755 Terentiae
526 1695 658 1757 Orbiliae
680 1696 825 1755 Lucinius
847 1712 865 1752 a
884 1695 978 1753 etiet
997 1690 1156 1753 Lucretius
1177 1695 1280 1753 crebro
1302 1701 1332 1753 et
1352 1701 1455 1754 noster

345 1792 429 1848 Maro
452 1791 534 1849 aurai
552 1790 671 1867 pictai.''
709 1789 875 1848 Martianus
898 1787 1025 1864 Capella
1045 1807 1087 1865 111,
1102 1790 1167 1849 266.

807 2048 873 2131 =x

265 2255 313 2313 ³³1
351 2251 529 2332 langorque
552 2246 703 2330 obrepsit,
726 2246 840 2330 pigror
862 2250 1035 2330 torporque
1059 2248 1196 2329 quietus.

350 2418 498 2482 fluctibus
521 2436 541 2481 a
562 2416 732 2498 ventisque
754 2415 861 2481 aversi
884 2415 1016 2480 firmiter
1038 2416 1147 2482 issent.

320 2607 411 2663 330⁶.
452 2605 537 2662 Idem
557 2621 585 2679 p.
601 2601 674 2661 2227
697 2603 779 2661 “Per
800 2621 869 2662 voro
882 2605 1066 2680 praepositio
1081 2606 1217 2665 omnibus
1238 2606 1355 2679 integra
1367 2622 1450 2681 prae-

241 2700 375 2777 ponitur,
396 2699 451 2757 nisi
472 2715 537 2757 oum
558 2697 662 2756 incidit
680 2697 710 2754 in
732 2698 742 2756 l
761 2699 877 2758 literam
899 2699 1024 2756 adfinem
1045 2706 1266 2772 consonantem,
1288 2716 1376 2774 quam
1396 2700 1451 2756 ele·

242 2794 388 2869 gantioris
411 2792 554 2851 sermonis
575 2791 629 2850 viri
650 2791 800 2867 geminare
830 2794 925 2867 magis
946 2795 1100 2851 voluerunt
1124 2811 1211 2870 quam
1232 2812 1247 2850 r
1267 2793 1383 2851 literam
1404 2809 1451 2850 ex-

131 2955 141 2966 ,
241 2888 371 2964 primore
385 2934 392 2946 .
405 2934 411 2944 .
424 2933 430 2946 .
442 2905 497 2946 nec
512 2886 597 2945 aliter
612 2886 692 2962 apud
706 2884 853 2945 Lucilium
866 2887 976 2962 legitur
995 2886 1033 2945 ‘in
1047 2905 1292 2944 rnnurosruronn
1306 2905 1364 2942 run
1378 2906 1397 2943 n
1409 2905 1450 2943 nr·

244 2999 370 3056 crunno,
383 2999 469 3040 onon
480 2987 528 3040 est
537 2981 699 3051 inducendo,
711 2999 850 3038 cnurnnr
861 2981 888 3038 Ι]
912 2981 1051 3056 pollicere
1064 2982 1177 3040 malunt
1186 2999 1273 3057 quam
1284 2981 1452 3058 perlicere.”

322 3095 351 3134 x.
392 3074 467 3134 Vita
486 3074 583 3134 Persii
602 3092 632 3150 p.
648 3076 704 3135 238
726 3076 772 3135 ed.
793 3075 891 3135 Iahnii
911 3073 994 3135 “Sed
1008 3092 1075 3133 mox
1090 3083 1123 3133 ut
1138 3093 1157 3136 a
1171 3075 1274 3134 schola
1288 3076 1451 3151 magistris-

244 3186 302 3246 que
326 3169 458 3243 divertit,
485 3169 563 3226 lecto
583 3168 659 3227 libro
679 3168 788 3227 Lucilii
807 3169 921 3227 decimo
942 3168 1130 3228 vehementer
1149 3170 1256 3230 satiras
1277 3188 1453 3246 componere

241 3263 382 3322 instituit.
423 3262 504 3321 cuius
529 3262 598 3321 libri
622 3263 736 3322 initium
761 3264 891 3324 imitatus
918 3270 978 3337 est,
1006 3263 1062 3322 sibi
1087 3263 1197 3339 prim0,
1223 3281 1292 3322 mox
1319 3265 1452 3323 omnibus

243 3357 433 3416 detracturus
449 3375 514 3415 cum
528 3363 611 3417 tanta
623 3358 784 3418 recentium
804 3365 958 3434 poetarum
979 3363 1009 3415 et
1028 3362 1177 3416 oratorum
1196 3357 1403 3433 insectatione,
1424 3363 1456 3416 ut

242 3450 331 3509 etiam
351 3449 511 3524 Neronem,
532 3452 695 3529 prinoipem
714 3452 794 3510 illius
815 3452 965 3528 temporis,
986 3451 1176 3527 culpaverit.”

318 3545 384 3602 331.
426 3543 543 3603 Nonius
563 3564 592 3620 p.
608 3548 674 3623 219,
691 3550 726 3606 10
748 3545 878 3621 “Pigror
898 3545 1016 3619 generis
1036 3545 1210 3605 masculini.
1250 3545 1386 3606 Lucilius
1407 3565 1453 3607 sa·

240 3642 370 3711 tyrorum
389 3636 439 3695 lib.
452 3653 473 3694 x
493 3637 608 3714 ‘langor
622 3658 839 3699 onnnssrunur
905 3640 1020 3716 quietus
1035 3640 1077 3717 (in
1092 3639 1328 3716 Guelferbytano
1342 3641 1454 3701 factum

241 3730 373 3808 radendo
395 3733 500 3807 quietio,
521 3732 620 3809 itaque
642 3732 848 3811 Leidensis)'.”

321 3825 385 3882 332.
427 3824 542 3884 Nonius
564 3845 592 3903 p.
610 3829 676 3902 512,
691 3830 726 3887 18
748 3827 906 3886 “Firmiter
924 3846 978 3904 pro
1000 3829 1099 3888 firme.
1123 3830 1263 3905 ¹Lucilius
1286 3834 1454 3907 satyrarum

239 3915 291 3975 lib.
307 3935 328 3973 x
350 3916 498 3977 ‘fluctibus
526 3937 546 3977 a
571 3922 725 3998 ventisque
753 3917 934 3999 (amentiaque
953 3920 1131 3982 Leidensis:
1151 3925 1195 3983 'in
1220 3925 1455 4003 Guelferbytano

240 4028 358 4087 quoquc
379 4030 412 4068 cn
434 4017 595 4088 superscr.)
616 4032 741 4072 nvnnsrs
761 4016 883 4075 firmiter
903 4016 1051 4074 nssnnr’.”

317 4193 400 4250 330⁸.
443 4191 531 4254 Cous.
553 4211 655 4252 comm.
676 4195 706 4252 in
726 4194 815 4254 Lucr.
836 4213 864 4271 p.
878 4197 945 4255 409.

317 4269 382 4325 331.
422 4269 514 4330 Ianus
533 4273 637 4332 Dousa
654 4272 789 4350 Lonpaor
809 4277 833 4330 et
853 4274 1022 4350 obrepsitquc
1036 4279 1144 4351 pipror.

315 4346 379 4405 332.
420 4350 450 4404 A
471 4348 608 4411 fluetibus
631 4349 788 4428 ventisque
808 4352 905 4410 auersi
925 4352 1070 4412 vitassent
1089 4370 1239 4414 nauseam.
