<?xml version="1.0" encoding="UTF-8"?>
<!DOCTYPE html PUBLIC "-//W3C//DTD XHTML 1.0 Transitional//EN"
    "http://www.w3.org/TR/xhtml1/DTD/xhtml1-transitional.dtd">
<html xmlns="http://www.w3.org/1999/xhtml" xml:lang="en" lang="en">
 <head>
  <title>
</title>
<meta http-equiv="Content-Type" content="text/html;charset=utf-8" />
  <meta name='ocr-system' content='tesseract 3.04.00' />
  <meta name='ocr-capabilities' content='ocr_page ocr_carea ocr_par ocr_line ocrx_word'/>
</head>
<body>
  <div class='ocr_page' id='page_1' title='image "./saturarum01lucigoog_0055.png"; bbox 0 0 3044 5032; ppageno 0'>
   <div class='ocr_carea' id='block_1_1' title="bbox 147 306 781 372">
    <p class='ocr_par' dir='ltr' id='par_1_1' title="bbox 147 306 781 372">
     <span class='ocr_line' id='line_1_1' title="bbox 147 306 781 372; baseline -0.005 0"><span class='ocrx_word' id='word_1_1' title='bbox 147 306 191 372; x_wconf 80' lang='lat'><strong>42</strong></span> <span class='ocrx_word' id='word_1_2' title='bbox 726 308 781 357; x_wconf 82' lang='grc' dir='ltr'><strong>ΧΠ</strong></span> 
     </span>
    </p>
   </div>
   <div class='ocr_carea' id='block_1_2' title="bbox 256 472 1091 543">
    <p class='ocr_par' dir='ltr' id='par_1_2' title="bbox 256 472 1091 543">
     <span class='ocr_line' id='line_1_2' title="bbox 256 472 1091 543; baseline 0 -3"><span class='ocrx_word' id='word_1_3' title='bbox 256 480 348 540; x_wconf 83' lang='lat' dir='ltr'><strong>extra</strong></span> <span class='ocrx_word' id='word_1_4' title='bbox 370 479 476 540; x_wconf 85' lang='lat' dir='ltr'><strong>castra</strong></span> <span class='ocrx_word' id='word_1_5' title='bbox 497 478 533 539; x_wconf 92' lang='lat' dir='ltr'><strong>ut</strong></span> <span class='ocrx_word' id='word_1_6' title='bbox 554 476 668 543; x_wconf 87' lang='lat' dir='ltr'><strong>stercu&#39;</strong></span> <span class='ocrx_word' id='word_1_7' title='bbox 693 474 781 541; x_wconf 80' lang='lat' dir='ltr'><strong>toras</strong></span> <span class='ocrx_word' id='word_1_8' title='bbox 804 473 897 540; x_wconf 92' lang='lat' dir='ltr'><strong>eiecit</strong></span> <span class='ocrx_word' id='word_1_9' title='bbox 917 472 961 539; x_wconf 85' lang='lat' dir='ltr'><strong>ad</strong></span> <span class='ocrx_word' id='word_1_10' title='bbox 982 493 1091 540; x_wconf 80' lang='lat' dir='ltr'><strong>unum</strong></span> 
     </span>
    </p>
   </div>
   <div class='ocr_carea' id='block_1_3' title="bbox 116 677 1202 782">
    <p class='ocr_par' dir='ltr' id='par_1_3' title="bbox 116 677 1202 782">
     <span class='ocr_line' id='line_1_3' title="bbox 116 677 1202 782; baseline 0 -40"><span class='ocrx_word' id='word_1_11' title='bbox 116 774 118 778; x_wconf 13' lang='grc' dir='ltr'><strong><em>ι</em></strong></span> <span class='ocrx_word' id='word_1_12' title='bbox 168 683 219 743; x_wconf 76' lang='grc'><strong>365</strong></span> <span class='ocrx_word' id='word_1_13' title='bbox 257 678 333 745; x_wconf 89' lang='lat' dir='ltr'><strong>iude</strong></span> <span class='ocrx_word' id='word_1_14' title='bbox 356 679 445 745; x_wconf 86' lang='lat' dir='ltr'><strong>uenit</strong></span> <span class='ocrx_word' id='word_1_15' title='bbox 465 681 599 772; x_wconf 85' lang='lat' dir='ltr'><strong>Romam</strong></span> <span class='ocrx_word' id='word_1_16' title='bbox 621 684 712 745; x_wconf 88' lang='lat' dir='ltr'><strong>tener</strong></span> <span class='ocrx_word' id='word_1_17' title='bbox 733 679 804 762; x_wconf 90' lang='lat' dir='ltr'><strong>ipsc</strong></span> <span class='ocrx_word' id='word_1_18' title='bbox 827 677 923 743; x_wconf 88' lang='lat' dir='ltr'><strong>ctiam</strong></span> <span class='ocrx_word' id='word_1_19' title='bbox 945 682 1042 782; x_wconf 83' lang='lat' dir='ltr'><strong>atque</strong></span> <span class='ocrx_word' id='word_1_20' title='bbox 1063 677 1202 763; x_wconf 89' lang='lat' dir='ltr'><strong>puellus.</strong></span> 
     </span>
    </p>
   </div>
   <div class='ocr_carea' id='block_1_4' title="bbox 595 1040 836 1139">
    <p class='ocr_par' dir='ltr' id='par_1_4' title="bbox 595 1040 836 1139">
     <span class='ocr_line' id='line_1_4' title="bbox 595 1040 836 1139; baseline 0.046 -13"><span class='ocrx_word' id='word_1_21' title='bbox 595 1040 597 1045; x_wconf 77' lang='grc'><strong>’</strong></span> <span class='ocrx_word' id='word_1_22' title='bbox 708 1044 836 1139; x_wconf 84' lang='grc' dir='ltr'><strong>ΧΠ,</strong></span> 
     </span>
    </p>
   </div>
   <div class='ocr_carea' id='block_1_5' title="bbox 255 1274 1057 1463">
    <p class='ocr_par' dir='ltr' id='par_1_5' title="bbox 255 1274 1057 1463">
     <span class='ocr_line' id='line_1_5' title="bbox 255 1274 1057 1361; baseline -0.001 -20"><span class='ocrx_word' id='word_1_23' title='bbox 255 1277 340 1342; x_wconf 88' lang='lat' dir='ltr'><strong>hunc</strong></span> <span class='ocrx_word' id='word_1_24' title='bbox 362 1275 439 1359; x_wconf 81' lang='lat' dir='ltr'><strong>iuga</strong></span> <span class='ocrx_word' id='word_1_25' title='bbox 461 1277 618 1341; x_wconf 87' lang='lat' dir='ltr'><strong>mulorum</strong></span> <span class='ocrx_word' id='word_1_26' title='bbox 640 1276 765 1361; x_wconf 90' lang='lat' dir='ltr'><strong>protelo</strong></span> <span class='ocrx_word' id='word_1_27' title='bbox 788 1274 905 1342; x_wconf 88' lang='lat' dir='ltr'><strong>ducere</strong></span> <span class='ocrx_word' id='word_1_28' title='bbox 932 1279 1057 1341; x_wconf 87' lang='lat' dir='ltr'><strong>centum</strong></span> 
     </span>
     <span class='ocr_line' id='line_1_6' title="bbox 255 1385 486 1463; baseline -0.009 -18"><span class='ocrx_word' id='word_1_29' title='bbox 255 1399 321 1445; x_wconf 88' lang='lat' dir='ltr'><strong>non</strong></span> <span class='ocrx_word' id='word_1_30' title='bbox 343 1385 486 1463; x_wconf 83' lang='lat' dir='ltr'><strong>possunt.</strong></span> 
     </span>
    </p>
   </div>
   <div class='ocr_carea' id='block_1_6' title="bbox 258 1572 1084 1669">
    <p class='ocr_par' dir='ltr' id='par_1_6' title="bbox 258 1572 1084 1669">
     <span class='ocr_line' id='line_1_7' title="bbox 258 1572 1084 1669; baseline 0.002 -26"><span class='ocrx_word' id='word_1_31' title='bbox 258 1572 388 1648; x_wconf 82' lang='lat' dir='ltr'><strong>firmiter</strong></span> <span class='ocrx_word' id='word_1_32' title='bbox 410 1584 471 1649; x_wconf 88' lang='lat' dir='ltr'><strong>hoc</strong></span> <span class='ocrx_word' id='word_1_33' title='bbox 492 1582 665 1669; x_wconf 82' lang='lat' dir='ltr'><strong>periteque</strong></span> <span class='ocrx_word' id='word_1_34' title='bbox 686 1588 740 1646; x_wconf 91' lang='lat' dir='ltr'><strong>tuo</strong></span> <span class='ocrx_word' id='word_1_35' title='bbox 763 1582 805 1646; x_wconf 90' lang='lat' dir='ltr'><strong>sit</strong></span> <span class='ocrx_word' id='word_1_36' title='bbox 824 1586 954 1666; x_wconf 80' lang='lat' dir='ltr'><strong>pectore</strong></span> <span class='ocrx_word' id='word_1_37' title='bbox 976 1579 1084 1646; x_wconf 85' lang='lat' dir='ltr'><strong>fixum.</strong></span> 
     </span>
    </p>
   </div>
   <div class='ocr_carea' id='block_1_7' title="bbox 149 1784 1299 1973">
    <p class='ocr_par' dir='ltr' id='par_1_7' title="bbox 149 1784 1299 1973">
     <span class='ocr_line' id='line_1_8' title="bbox 149 1784 1299 1886; baseline 0.005 -39"><span class='ocrx_word' id='word_1_38' title='bbox 149 1818 152 1823; x_wconf 95' lang='lat'><em>-</em></span> <span class='ocrx_word' id='word_1_39' title='bbox 260 1784 334 1849; x_wconf 90' lang='lat' dir='ltr'><strong>huic</strong></span> <span class='ocrx_word' id='word_1_40' title='bbox 356 1786 478 1851; x_wconf 90' lang='lat' dir='ltr'><strong>homiui</strong></span> <span class='ocrx_word' id='word_1_41' title='bbox 502 1791 672 1869; x_wconf 80' lang='lat' dir='ltr'><strong>quaestore</strong></span> <span class='ocrx_word' id='word_1_42' title='bbox 695 1784 805 1886; x_wconf 83' lang='lat' dir='ltr'><strong>aliquo</strong></span> <span class='ocrx_word' id='word_1_43' title='bbox 830 1805 901 1852; x_wconf 89' lang='lat' dir='ltr'><strong>esse</strong></span> <span class='ocrx_word' id='word_1_44' title='bbox 924 1805 1005 1872; x_wconf 91' lang='lat' dir='ltr'><strong>opus</strong></span> <span class='ocrx_word' id='word_1_45' title='bbox 1028 1790 1124 1869; x_wconf 89' lang='lat' dir='ltr'><strong>atque</strong></span> <span class='ocrx_word' id='word_1_46' title='bbox 1146 1785 1299 1872; x_wconf 75' lang='lat' dir='ltr'>chorago,</span> 
     </span>
     <span class='ocr_line' id='line_1_9' title="bbox 168 1886 1158 1973; baseline 0.002 -23"><span class='ocrx_word' id='word_1_47' title='bbox 168 1893 218 1951; x_wconf 80' lang='lat' dir='ltr'><strong>tlt</strong></span> <span class='ocrx_word' id='word_1_48' title='bbox 261 1887 433 1971; x_wconf 78' lang='lat' dir='ltr'>publicitus</span> <span class='ocrx_word' id='word_1_49' title='bbox 456 1888 510 1972; x_wconf 91' lang='lat' dir='ltr'><strong>qui</strong></span> <span class='ocrx_word' id='word_1_50' title='bbox 532 1887 578 1952; x_wconf 90' lang='lat' dir='ltr'><strong>mi</strong></span> <span class='ocrx_word' id='word_1_51' title='bbox 600 1892 696 1970; x_wconf 89' lang='lat' dir='ltr'><strong>atque</strong></span> <span class='ocrx_word' id='word_1_52' title='bbox 719 1907 737 1952; x_wconf 91' lang='lat' dir='ltr'><strong>e</strong></span> <span class='ocrx_word' id='word_1_53' title='bbox 759 1886 835 1953; x_wconf 88' lang='lat' dir='ltr'><strong>fisco</strong></span> <span class='ocrx_word' id='word_1_54' title='bbox 857 1889 1013 1973; x_wconf 86' lang='lat' dir='ltr'><strong>praebeat</strong></span> <span class='ocrx_word' id='word_1_55' title='bbox 1035 1907 1158 1954; x_wconf 90' lang='lat' dir='ltr'><strong>aurum.</strong></span> 
     </span>
    </p>
   </div>
   <div class='ocr_carea' id='block_1_8' title="bbox 257 2053 1164 2177">
    <p class='ocr_par' dir='ltr' id='par_1_8' title="bbox 257 2053 1164 2177">
     <span class='ocr_line' id='line_1_10' title="bbox 257 2053 1164 2177; baseline 0.001 -22"><span class='ocrx_word' id='word_1_56' title='bbox 257 2092 350 2175; x_wconf 85' lang='lat' dir='ltr'><strong>hunc,</strong></span> <span class='ocrx_word' id='word_1_57' title='bbox 374 2089 481 2174; x_wconf 83' lang='lat' dir='ltr'><strong>siquid</strong></span> <span class='ocrx_word' id='word_1_58' title='bbox 507 2091 616 2175; x_wconf 91' lang='lat' dir='ltr'><strong>pueris</strong></span> <span class='ocrx_word' id='word_1_59' title='bbox 638 2092 740 2174; x_wconf 85' lang='lat' dir='ltr'><strong>nobis,</strong></span> <span class='ocrx_word' id='word_1_60' title='bbox 764 2111 816 2157; x_wconf 92' lang='lat' dir='ltr'><strong>me</strong></span> <span class='ocrx_word' id='word_1_61' title='bbox 838 2098 870 2157; x_wconf 90' lang='lat' dir='ltr'><strong>et</strong></span> <span class='ocrx_word' id='word_1_62' title='bbox 892 2092 1001 2177; x_wconf 79' lang='lat' dir='ltr'><strong>fratre,</strong></span> <span class='ocrx_word' id='word_1_63' title='bbox 1023 2053 1164 2174; x_wconf 76' lang='lat' dir='ltr'><strong>fuisset·</strong></span> 
     </span>
    </p>
   </div>
   <div class='ocr_carea' id='block_1_9' title="bbox 149 2331 1394 4116">
    <p class='ocr_par' dir='ltr' id='par_1_9' title="bbox 151 2331 1368 2707">
     <span class='ocr_line' id='line_1_11' title="bbox 216 2331 1367 2426; baseline 0.002 -17"><span class='ocrx_word' id='word_1_64' title='bbox 216 2331 293 2409; x_wconf 84' lang='grc' dir='ltr'><strong>Ι365.</strong></span> <span class='ocrx_word' id='word_1_65' title='bbox 336 2350 511 2408; x_wconf 80' lang='lat' dir='ltr'><strong>Priscianus</strong></span> <span class='ocrx_word' id='word_1_66' title='bbox 532 2367 562 2425; x_wconf 90' lang='lat' dir='ltr'><strong>p.</strong></span> <span class='ocrx_word' id='word_1_67' title='bbox 576 2348 630 2409; x_wconf 81' lang='lat' dir='ltr'><strong>oct</strong></span> <span class='ocrx_word' id='word_1_68' title='bbox 653 2349 743 2408; x_wconf 85' lang='lat' dir='ltr'><strong>“Non</strong></span> <span class='ocrx_word' id='word_1_69' title='bbox 764 2358 811 2409; x_wconf 89' lang='lat' dir='ltr'><strong>cst</strong></span> <span class='ocrx_word' id='word_1_70' title='bbox 831 2358 929 2410; x_wconf 87' lang='lat' dir='ltr'><strong>tamen</strong></span> <span class='ocrx_word' id='word_1_71' title='bbox 948 2350 1145 2424; x_wconf 83' lang='lat' dir='ltr'><strong>ignorandum</strong></span> <span class='ocrx_word' id='word_1_72' title='bbox 1170 2350 1252 2426; x_wconf 89' lang='lat' dir='ltr'><strong>quod</strong></span> <span class='ocrx_word' id='word_1_73' title='bbox 1276 2352 1367 2411; x_wconf 88' lang='lat' dir='ltr'><strong>etiam</strong></span> 
     </span>
     <span class='ocr_line' id='line_1_12' title="bbox 151 2443 1368 2520; baseline 0.002 -18"><span class='ocrx_word' id='word_1_74' title='bbox 151 2445 199 2502; x_wconf 93' lang='lat' dir='ltr'><strong>hic</strong></span> <span class='ocrx_word' id='word_1_75' title='bbox 225 2462 344 2520; x_wconf 90' lang='lat' dir='ltr'><strong>puerus,</strong></span> <span class='ocrx_word' id='word_1_76' title='bbox 370 2443 417 2500; x_wconf 89' lang='lat' dir='ltr'><strong>hic</strong></span> <span class='ocrx_word' id='word_1_77' title='bbox 444 2449 473 2501; x_wconf 92' lang='lat' dir='ltr'><strong>et</strong></span> <span class='ocrx_word' id='word_1_78' title='bbox 498 2443 572 2500; x_wconf 88' lang='lat' dir='ltr'><strong>haec</strong></span> <span class='ocrx_word' id='word_1_79' title='bbox 598 2462 681 2519; x_wconf 88' lang='lat' dir='ltr'><strong>puer,</strong></span> <span class='ocrx_word' id='word_1_80' title='bbox 708 2445 900 2504; x_wconf 82' lang='lat' dir='ltr'><strong>uetustissimi</strong></span> <span class='ocrx_word' id='word_1_81' title='bbox 923 2444 1083 2520; x_wconf 85' lang='lat' dir='ltr'><strong>protulisse</strong></span> <span class='ocrx_word' id='word_1_82' title='bbox 1105 2444 1308 2520; x_wconf 87' lang='lat' dir='ltr'><strong>inveniuntur,</strong></span> <span class='ocrx_word' id='word_1_83' title='bbox 1338 2451 1368 2505; x_wconf 90' lang='lat' dir='ltr'><strong>et</strong></span> 
     </span>
     <span class='ocr_line' id='line_1_13' title="bbox 151 2537 1365 2615; baseline 0.005 -21"><span class='ocrx_word' id='word_1_84' title='bbox 151 2539 268 2612; x_wconf 89' lang='lat' dir='ltr'><strong>puellus</strong></span> <span class='ocrx_word' id='word_1_85' title='bbox 289 2537 407 2613; x_wconf 89' lang='lat' dir='ltr'><strong>puella.</strong></span> <span class='ocrx_word' id='word_1_86' title='bbox 448 2537 580 2596; x_wconf 83' lang='lat' dir='ltr'><strong>Lucilius</strong></span> <span class='ocrx_word' id='word_1_87' title='bbox 602 2539 630 2596; x_wconf 89' lang='lat' dir='ltr'><strong>in</strong></span> <span class='ocrx_word' id='word_1_88' title='bbox 652 2557 684 2594; x_wconf 85' lang='lat' dir='ltr'><strong>xi</strong></span> <span class='ocrx_word' id='word_1_89' title='bbox 705 2537 783 2596; x_wconf 90' lang='lat' dir='ltr'><strong>‘inde</strong></span> <span class='ocrx_word' id='word_1_90' title='bbox 801 2541 946 2598; x_wconf 83' lang='lat' dir='ltr'><strong>...etiam</strong></span> <span class='ocrx_word' id='word_1_91' title='bbox 967 2545 1056 2614; x_wconf 89' lang='lat' dir='ltr'><strong>atque</strong></span> <span class='ocrx_word' id='word_1_92' title='bbox 1077 2537 1173 2615; x_wconf 83' lang='lat' dir='ltr'><strong>(utque</strong></span> <span class='ocrx_word' id='word_1_93' title='bbox 1192 2543 1274 2598; x_wconf 86' lang='lat' dir='ltr'><strong>ctiam</strong></span> <span class='ocrx_word' id='word_1_94' title='bbox 1290 2540 1365 2601; x_wconf 89' lang='lat' dir='ltr'><strong>Put-</strong></span> 
     </span>
     <span class='ocr_line' id='line_1_14' title="bbox 153 2631 438 2707; baseline -0.004 -18"><span class='ocrx_word' id='word_1_95' title='bbox 153 2631 264 2706; x_wconf 89' lang='lat' dir='ltr'><strong>schius)</strong></span> <span class='ocrx_word' id='word_1_96' title='bbox 285 2631 438 2707; x_wconf 89' lang='lat' dir='ltr'><strong>puellus&#39;.”</strong></span> 
     </span>
    </p>

    <p class='ocr_par' dir='ltr' id='par_1_10' title="bbox 149 2722 1367 3085">
     <span class='ocr_line' id='line_1_15' title="bbox 204 2722 1367 2805; baseline 0.009 -29"><span class='ocrx_word' id='word_1_97' title='bbox 204 2743 277 2782; x_wconf 72' lang='lat' dir='ltr'><strong>..aiu</strong></span> <span class='ocrx_word' id='word_1_98' title='bbox 318 2725 479 2783; x_wconf 87' lang='lat' dir='ltr'><strong>Diomedes</strong></span> <span class='ocrx_word' id='word_1_99' title='bbox 500 2744 529 2800; x_wconf 91' lang='lat' dir='ltr'><strong>p.</strong></span> <span class='ocrx_word' id='word_1_100' title='bbox 543 2725 600 2782; x_wconf 85' lang='grc'><strong>486</strong></span> <span class='ocrx_word' id='word_1_101' title='bbox 628 2722 710 2781; x_wconf 85' lang='lat' dir='ltr'><strong>“Alii</strong></span> <span class='ocrx_word' id='word_1_102' title='bbox 735 2742 754 2784; x_wconf 86' lang='lat' dir='ltr'><strong>a</strong></span> <span class='ocrx_word' id='word_1_103' title='bbox 779 2726 848 2785; x_wconf 87' lang='lat' dir='ltr'><strong>vino</strong></span> <span class='ocrx_word' id='word_1_104' title='bbox 875 2727 1069 2800; x_wconf 86' lang='lat' dir='ltr'><strong>arbitrentur,</strong></span> <span class='ocrx_word' id='word_1_105' title='bbox 1096 2731 1257 2803; x_wconf 84' lang='lat' dir='ltr'><strong>propterea</strong></span> <span class='ocrx_word' id='word_1_106' title='bbox 1284 2728 1367 2805; x_wconf 92' lang='lat' dir='ltr'><strong>quod</strong></span> 
     </span>
     <span class='ocr_line' id='line_1_16' title="bbox 152 2812 1366 2898; baseline 0.004 -21"><span class='ocrx_word' id='word_1_107' title='bbox 152 2820 221 2878; x_wconf 94' lang='lat' dir='ltr'><strong>olim</strong></span> <span class='ocrx_word' id='word_1_108' title='bbox 236 2819 333 2877; x_wconf 86' lang='lat' dir='ltr'><strong>uiuum</strong></span> <span class='ocrx_word' id='word_1_109' title='bbox 352 2819 544 2879; x_wconf 79' lang='lat' dir='ltr'><strong>dictitabatur</strong></span> <span class='ocrx_word' id='word_1_110' title='bbox 557 2814 633 2894; x_wconf 78' lang='grc' dir='ltr'><strong>τρύξ</strong></span> <span class='ocrx_word' id='word_1_111' title='bbox 646 2837 663 2876; x_wconf 86' lang='lat' dir='ltr'><strong>a</strong></span> <span class='ocrx_word' id='word_1_112' title='bbox 677 2836 736 2894; x_wconf 91' lang='lat' dir='ltr'><strong>quo</strong></span> <span class='ocrx_word' id='word_1_113' title='bbox 747 2812 897 2896; x_wconf 73' lang='grc' dir='ltr'><strong>τρύγητος</strong></span> <span class='ocrx_word' id='word_1_114' title='bbox 912 2820 999 2880; x_wconf 91' lang='lat' dir='ltr'><strong>hodie</strong></span> <span class='ocrx_word' id='word_1_115' title='bbox 1014 2839 1132 2898; x_wconf 91' lang='lat' dir='ltr'><strong>quoque</strong></span> <span class='ocrx_word' id='word_1_116' title='bbox 1147 2819 1299 2881; x_wconf 87' lang='lat' dir='ltr'><strong>vindemia</strong></span> <span class='ocrx_word' id='word_1_117' title='bbox 1312 2829 1366 2898; x_wconf 89' lang='lat' dir='ltr'><strong>est,</strong></span> 
     </span>
     <span class='ocr_line' id='line_1_17' title="bbox 150 2911 1366 2991; baseline 0.002 -18"><span class='ocrx_word' id='word_1_118' title='bbox 150 2917 219 2991; x_wconf 91' lang='lat' dir='ltr'><strong>quia</strong></span> <span class='ocrx_word' id='word_1_119' title='bbox 232 2913 422 2973; x_wconf 85' lang='lat' dir='ltr'><strong>Liberalibus</strong></span> <span class='ocrx_word' id='word_1_120' title='bbox 438 2911 519 2987; x_wconf 85' lang='lat' dir='ltr'><strong>apud</strong></span> <span class='ocrx_word' id='word_1_121' title='bbox 534 2913 653 2971; x_wconf 85' lang='lat' dir='ltr'><strong>Atticos</strong></span> <span class='ocrx_word' id='word_1_122' title='bbox 670 2913 717 2970; x_wconf 85' lang='lat' dir='ltr'><strong>die</strong></span> <span class='ocrx_word' id='word_1_123' title='bbox 733 2915 811 2973; x_wconf 85' lang='lat' dir='ltr'><strong>festo</strong></span> <span class='ocrx_word' id='word_1_124' title='bbox 832 2913 936 2974; x_wconf 84' lang='lat' dir='ltr'><strong>Liberi</strong></span> <span class='ocrx_word' id='word_1_125' title='bbox 956 2915 1050 2991; x_wconf 88' lang='lat' dir='ltr'><strong>patuis</strong></span> <span class='ocrx_word' id='word_1_126' title='bbox 1072 2915 1171 2974; x_wconf 88' lang='lat' dir='ltr'><strong>viuum</strong></span> <span class='ocrx_word' id='word_1_127' title='bbox 1193 2915 1366 2977; x_wconf 82' lang='lat' dir='ltr'><strong>cantoribus</strong></span> 
     </span>
     <span class='ocr_line' id='line_1_18' title="bbox 149 3005 1184 3085; baseline -0.002 -19"><span class='ocrx_word' id='word_1_128' title='bbox 149 3026 204 3085; x_wconf 90' lang='lat' dir='ltr'><strong>pro</strong></span> <span class='ocrx_word' id='word_1_129' title='bbox 226 3008 382 3067; x_wconf 85' lang='lat' dir='ltr'><strong>corollario</strong></span> <span class='ocrx_word' id='word_1_130' title='bbox 405 3005 541 3078; x_wconf 85' lang='lat' dir='ltr'><strong>dabatur,</strong></span> <span class='ocrx_word' id='word_1_131' title='bbox 566 3007 648 3065; x_wconf 88' lang='lat' dir='ltr'><strong>cuius</strong></span> <span class='ocrx_word' id='word_1_132' title='bbox 670 3008 713 3065; x_wconf 88' lang='lat' dir='ltr'><strong>rei</strong></span> <span class='ocrx_word' id='word_1_133' title='bbox 733 3009 819 3067; x_wconf 89' lang='lat' dir='ltr'><strong>testis</strong></span> <span class='ocrx_word' id='word_1_134' title='bbox 841 3015 887 3067; x_wconf 89' lang='lat' dir='ltr'><strong>est</strong></span> <span class='ocrx_word' id='word_1_135' title='bbox 906 3009 1042 3068; x_wconf 87' lang='lat' dir='ltr'><strong>Lucilius</strong></span> <span class='ocrx_word' id='word_1_136' title='bbox 1062 3009 1093 3068; x_wconf 90' lang='lat' dir='ltr'><strong>in</strong></span> <span class='ocrx_word' id='word_1_137' title='bbox 1113 3008 1184 3067; x_wconf 83' lang='lat' dir='ltr'><strong>xi1.”</strong></span> 
     </span>
    </p>

    <p class='ocr_par' dir='ltr' id='par_1_11' title="bbox 152 3099 1394 3269">
     <span class='ocr_line' id='line_1_19' title="bbox 228 3099 1368 3174; baseline 0.003 -15"><span class='ocrx_word' id='word_1_138' title='bbox 228 3103 293 3159; x_wconf 84' lang='lat'><strong>366.</strong></span> <span class='ocrx_word' id='word_1_139' title='bbox 334 3099 450 3158; x_wconf 89' lang='lat' dir='ltr'><strong>Nonius</strong></span> <span class='ocrx_word' id='word_1_140' title='bbox 466 3116 495 3174; x_wconf 91' lang='lat' dir='ltr'><strong>p.</strong></span> <span class='ocrx_word' id='word_1_141' title='bbox 508 3101 574 3174; x_wconf 86' lang='grc'><strong>363,</strong></span> <span class='ocrx_word' id='word_1_142' title='bbox 587 3099 602 3157; x_wconf 74' lang='lat' dir='ltr'><strong>’t</strong></span> <span class='ocrx_word' id='word_1_143' title='bbox 619 3099 791 3160; x_wconf 80' lang='lat' dir='ltr'><strong>“Protelare</strong></span> <span class='ocrx_word' id='word_1_144' title='bbox 807 3119 909 3161; x_wconf 87' lang='lat' dir='ltr'><strong>rursus</strong></span> <span class='ocrx_word' id='word_1_145' title='bbox 923 3102 1074 3162; x_wconf 86' lang='lat' dir='ltr'><strong>adiuuere.</strong></span> <span class='ocrx_word' id='word_1_146' title='bbox 1097 3148 1103 3161; x_wconf 92' lang='lat'><strong>.</strong></span> <span class='ocrx_word' id='word_1_147' title='bbox 1117 3147 1143 3161; x_wconf 90' lang='lat'><strong>..</strong></span> <span class='ocrx_word' id='word_1_148' title='bbox 1165 3101 1244 3161; x_wconf 89' lang='lat' dir='ltr'><strong>idem</strong></span> <span class='ocrx_word' id='word_1_149' title='bbox 1258 3103 1311 3165; x_wconf 92' lang='lat' dir='ltr'><strong>lib.</strong></span> <span class='ocrx_word' id='word_1_150' title='bbox 1324 3123 1368 3162; x_wconf 85' lang='lat' dir='ltr'><strong>xrr</strong></span> 
     </span>
     <span class='ocr_line' id='line_1_20' title="bbox 152 3190 1394 3269; baseline -0.001 -17"><span class='ocrx_word' id='word_1_151' title='bbox 152 3195 240 3253; x_wconf 81' lang='lat' dir='ltr'><strong>‘huuc</strong></span> <span class='ocrx_word' id='word_1_152' title='bbox 256 3239 299 3252; x_wconf 87' lang='lat'><strong>...</strong></span> <span class='ocrx_word' id='word_1_153' title='bbox 315 3192 476 3269; x_wconf 84' lang='lat' dir='ltr'><strong>possunt&#39;.&#39;&#39;</strong></span> <span class='ocrx_word' id='word_1_154' title='bbox 1238 3190 1240 3194; x_wconf 76' lang='grc'><strong>’</strong></span> <span class='ocrx_word' id='word_1_155' title='bbox 1389 3243 1394 3251; x_wconf 92' lang='grc'><em>.</em></span> 
     </span>
    </p>

    <p class='ocr_par' dir='ltr' id='par_1_12' title="bbox 152 3280 1365 3455">
     <span class='ocr_line' id='line_1_21' title="bbox 229 3280 1365 3365; baseline 0.004 -19"><span class='ocrx_word' id='word_1_156' title='bbox 229 3291 294 3347; x_wconf 87' lang='grc'><strong>368.</strong></span> <span class='ocrx_word' id='word_1_157' title='bbox 333 3287 450 3347; x_wconf 89' lang='lat' dir='ltr'><strong>Nonius</strong></span> <span class='ocrx_word' id='word_1_158' title='bbox 471 3304 500 3362; x_wconf 92' lang='lat' dir='ltr'><strong>p.</strong></span> <span class='ocrx_word' id='word_1_159' title='bbox 516 3289 582 3360; x_wconf 79' lang='lat'>512,</span> <span class='ocrx_word' id='word_1_160' title='bbox 597 3289 634 3346; x_wconf 80' lang='lat'><strong>20</strong></span> <span class='ocrx_word' id='word_1_161' title='bbox 657 3287 816 3347; x_wconf 78' lang='lat' dir='ltr'><strong>“Firmiter</strong></span> <span class='ocrx_word' id='word_1_162' title='bbox 831 3307 885 3365; x_wconf 86' lang='lat' dir='ltr'><strong>pro</strong></span> <span class='ocrx_word' id='word_1_163' title='bbox 900 3289 991 3349; x_wconf 88' lang='lat' dir='ltr'><strong>firme.</strong></span> <span class='ocrx_word' id='word_1_164' title='bbox 1013 3335 1059 3348; x_wconf 86' lang='lat'><strong>...</strong></span> <span class='ocrx_word' id='word_1_165' title='bbox 1079 3289 1158 3348; x_wconf 92' lang='lat' dir='ltr'><strong>idem</strong></span> <span class='ocrx_word' id='word_1_166' title='bbox 1177 3289 1229 3350; x_wconf 91' lang='lat' dir='ltr'><strong>lib.</strong></span> <span class='ocrx_word' id='word_1_167' title='bbox 1244 3280 1290 3348; x_wconf 72' lang='lat' dir='ltr'><strong>xii</strong></span> <span class='ocrx_word' id='word_1_168' title='bbox 1311 3290 1365 3350; x_wconf 86' lang='lat' dir='ltr'><strong>‘fir-</strong></span> 
     </span>
     <span class='ocr_line' id='line_1_22' title="bbox 152 3381 883 3455; baseline 0 -16"><span class='ocrx_word' id='word_1_169' title='bbox 152 3382 236 3440; x_wconf 83' lang='lat' dir='ltr'><strong>miter</strong></span> <span class='ocrx_word' id='word_1_170' title='bbox 256 3381 311 3439; x_wconf 87' lang='lat' dir='ltr'><strong>hoc</strong></span> <span class='ocrx_word' id='word_1_171' title='bbox 332 3398 525 3455; x_wconf 67' lang='lat' dir='ltr'><strong>recursuque</strong></span> <span class='ocrx_word' id='word_1_172' title='bbox 539 3426 545 3438; x_wconf 89' lang='lat'><strong><em>.</em></strong></span> <span class='ocrx_word' id='word_1_173' title='bbox 559 3426 585 3438; x_wconf 91' lang='lat'><strong>..</strong></span> <span class='ocrx_word' id='word_1_174' title='bbox 601 3381 726 3440; x_wconf 78' lang='lat' dir='ltr'><strong>fixum&#39;.&#39;’</strong></span> <span class='ocrx_word' id='word_1_175' title='bbox 879 3423 883 3430; x_wconf 85' lang='lat'>-</span> 
     </span>
    </p>

    <p class='ocr_par' dir='ltr' id='par_1_13' title="bbox 152 3469 1367 3740">
     <span class='ocr_line' id='line_1_23' title="bbox 228 3469 1367 3554; baseline 0.004 -22"><span class='ocrx_word' id='word_1_176' title='bbox 228 3477 293 3533; x_wconf 82' lang='lat'><strong>369.</strong></span> <span class='ocrx_word' id='word_1_177' title='bbox 334 3474 450 3532; x_wconf 89' lang='lat' dir='ltr'><strong>Nouius</strong></span> <span class='ocrx_word' id='word_1_178' title='bbox 472 3493 501 3549; x_wconf 92' lang='lat' dir='ltr'><strong>p.</strong></span> <span class='ocrx_word' id='word_1_179' title='bbox 518 3476 616 3546; x_wconf 78' lang='grc'>513,2</span> <span class='ocrx_word' id='word_1_180' title='bbox 638 3469 900 3552; x_wconf 67' lang='grc' dir='ltr'><strong>“Ριι61ἱοίωε’ρτο</strong></span> <span class='ocrx_word' id='word_1_181' title='bbox 921 3477 1060 3552; x_wconf 90' lang='lat' dir='ltr'><strong>publice.</strong></span> <span class='ocrx_word' id='word_1_182' title='bbox 1095 3476 1231 3536; x_wconf 89' lang='lat' dir='ltr'><strong>Lucilius</strong></span> <span class='ocrx_word' id='word_1_183' title='bbox 1254 3483 1367 3554; x_wconf 82' lang='lat' dir='ltr'><strong>satyra-</strong></span> 
     </span>
     <span class='ocr_line' id='line_1_24' title="bbox 152 3567 1366 3647; baseline 0.002 -19"><span class='ocrx_word' id='word_1_184' title='bbox 152 3588 215 3629; x_wconf 90' lang='lat' dir='ltr'><strong>rum</strong></span> <span class='ocrx_word' id='word_1_185' title='bbox 240 3570 292 3627; x_wconf 87' lang='lat' dir='ltr'><strong>lib.</strong></span> <span class='ocrx_word' id='word_1_186' title='bbox 314 3587 358 3624; x_wconf 86' lang='lat' dir='ltr'><strong>xu</strong></span> <span class='ocrx_word' id='word_1_187' title='bbox 386 3567 468 3625; x_wconf 82' lang='lat' dir='ltr'><strong>‘huie</strong></span> <span class='ocrx_word' id='word_1_188' title='bbox 494 3567 604 3627; x_wconf 89' lang='lat' dir='ltr'><strong>homiui</strong></span> <span class='ocrx_word' id='word_1_189' title='bbox 629 3575 767 3646; x_wconf 88' lang='lat' dir='ltr'><strong>questore</strong></span> <span class='ocrx_word' id='word_1_190' title='bbox 852 3588 963 3646; x_wconf 82' lang='lat' dir='ltr'><strong>corago</strong></span> <span class='ocrx_word' id='word_1_191' title='bbox 985 3570 1112 3629; x_wconf 73' lang='lat' dir='ltr'><strong>...utili</strong></span> <span class='ocrx_word' id='word_1_192' title='bbox 1140 3576 1231 3647; x_wconf 87' lang='lat' dir='ltr'><strong>atque</strong></span> <span class='ocrx_word' id='word_1_193' title='bbox 1256 3589 1366 3631; x_wconf 81' lang='lat' dir='ltr'><strong>urrsco</strong></span> 
     </span>
     <span class='ocr_line' id='line_1_25' title="bbox 152 3663 881 3740; baseline -0.003 -19"><span class='ocrx_word' id='word_1_194' title='bbox 152 3665 297 3740; x_wconf 87' lang='lat' dir='ltr'><strong>praebeat</strong></span> <span class='ocrx_word' id='word_1_195' title='bbox 317 3663 454 3720; x_wconf 85' lang='lat' dir='ltr'><strong>aurum’.’&#39;</strong></span> <span class='ocrx_word' id='word_1_196' title='bbox 880 3673 881 3676; x_wconf 74' lang='grc'>’</span> 
     </span>
    </p>

    <p class='ocr_par' dir='ltr' id='par_1_14' title="bbox 150 3753 1371 4116">
     <span class='ocr_line' id='line_1_26' title="bbox 229 3753 1370 3836; baseline 0.004 -22"><span class='ocrx_word' id='word_1_197' title='bbox 229 3753 295 3815; x_wconf 81' lang='grc'><strong>371.</strong></span> <span class='ocrx_word' id='word_1_198' title='bbox 337 3754 458 3814; x_wconf 86' lang='lat' dir='ltr'><strong>Seruius</strong></span> <span class='ocrx_word' id='word_1_199' title='bbox 480 3756 519 3813; x_wconf 87' lang='lat' dir='ltr'><strong>ad</strong></span> <span class='ocrx_word' id='word_1_200' title='bbox 539 3757 692 3817; x_wconf 81' lang='lat' dir='ltr'><strong>Aeneidos</strong></span> <span class='ocrx_word' id='word_1_201' title='bbox 714 3777 745 3833; x_wconf 90' lang='lat'><strong>11,</strong></span> <span class='ocrx_word' id='word_1_202' title='bbox 761 3754 795 3816; x_wconf 79' lang='lat' dir='ltr'><strong>ll</strong></span> <span class='ocrx_word' id='word_1_203' title='bbox 818 3758 859 3834; x_wconf 93' lang='lat' dir='ltr'><strong>(p.</strong></span> <span class='ocrx_word' id='word_1_204' title='bbox 874 3761 912 3818; x_wconf 84' lang='grc'><strong>28</strong></span> <span class='ocrx_word' id='word_1_205' title='bbox 932 3759 1037 3836; x_wconf 87' lang='lat' dir='ltr'><strong>partic.</strong></span> <span class='ocrx_word' id='word_1_206' title='bbox 1052 3778 1074 3814; x_wconf 93' lang='lat'><strong>11</strong></span> <span class='ocrx_word' id='word_1_207' title='bbox 1099 3758 1224 3836; x_wconf 85' lang='lat' dir='ltr'><strong>Bergk.)</strong></span> <span class='ocrx_word' id='word_1_208' title='bbox 1245 3758 1370 3818; x_wconf 82' lang='lat' dir='ltr'><strong>“Fuerit</strong></span> 
     </span>
     <span class='ocr_line' id='line_1_27' title="bbox 154 3851 1369 3929; baseline 0.003 -21"><span class='ocrx_word' id='word_1_209' title='bbox 154 3851 362 3929; x_wconf 86' lang='lat' dir='ltr'><strong>quodeunque.</strong></span> <span class='ocrx_word' id='word_1_210' title='bbox 384 3896 431 3908; x_wconf 90' lang='lat'><strong>...</strong></span> <span class='ocrx_word' id='word_1_211' title='bbox 453 3869 525 3910; x_wconf 88' lang='lat' dir='ltr'><strong>sane</strong></span> <span class='ocrx_word' id='word_1_212' title='bbox 548 3851 746 3928; x_wconf 89' lang='lat' dir='ltr'><strong>quodcunque</strong></span> <span class='ocrx_word' id='word_1_213' title='bbox 766 3857 882 3911; x_wconf 86' lang='lat' dir='ltr'><strong>vetusta</strong></span> <span class='ocrx_word' id='word_1_214' title='bbox 901 3871 974 3912; x_wconf 84' lang='lat' dir='ltr'><strong>voce</strong></span> <span class='ocrx_word' id='word_1_215' title='bbox 989 3856 1112 3919; x_wconf 84' lang='lat' dir='ltr'><strong>mortem</strong></span> <span class='ocrx_word' id='word_1_216' title='bbox 1129 3852 1294 3929; x_wconf 83' lang='lat' dir='ltr'><strong>significari</strong></span> <span class='ocrx_word' id='word_1_217' title='bbox 1310 3855 1369 3913; x_wconf 88' lang='lat' dir='ltr'><strong>Lu·</strong></span> 
     </span>
     <span class='ocr_line' id='line_1_28' title="bbox 155 3944 1371 4018; baseline 0.002 -14"><span class='ocrx_word' id='word_1_218' title='bbox 155 3946 240 4004; x_wconf 90' lang='lat' dir='ltr'><strong>cilius</strong></span> <span class='ocrx_word' id='word_1_219' title='bbox 259 3945 348 4003; x_wconf 88' lang='lat' dir='ltr'><strong>docet</strong></span> <span class='ocrx_word' id='word_1_220' title='bbox 369 3944 399 4002; x_wconf 90' lang='lat' dir='ltr'><strong>iu</strong></span> <span class='ocrx_word' id='word_1_221' title='bbox 419 3963 462 4000; x_wconf 75' lang='lat' dir='ltr'><strong>ru</strong></span> <span class='ocrx_word' id='word_1_222' title='bbox 485 3945 571 4003; x_wconf 87' lang='lat' dir='ltr'><strong>‘huuc</strong></span> <span class='ocrx_word' id='word_1_223' title='bbox 587 3991 593 4003; x_wconf 90' lang='lat'>.</span> <span class='ocrx_word' id='word_1_224' title='bbox 607 3991 612 4002; x_wconf 93' lang='lat'><strong><em>.</em></strong></span> <span class='ocrx_word' id='word_1_225' title='bbox 626 3991 632 4003; x_wconf 93' lang='lat'><strong>.</strong></span> <span class='ocrx_word' id='word_1_226' title='bbox 647 3945 771 4018; x_wconf 79' lang='lat' dir='ltr'><strong>suisset,</strong></span> <span class='ocrx_word' id='word_1_227' title='bbox 793 3946 849 4004; x_wconf 88' lang='lat' dir='ltr'><strong>hoc</strong></span> <span class='ocrx_word' id='word_1_228' title='bbox 870 3954 917 4005; x_wconf 90' lang='lat' dir='ltr'><strong>est</strong></span> <span class='ocrx_word' id='word_1_229' title='bbox 933 3948 958 4005; x_wconf 92' lang='lat' dir='ltr'><strong>si</strong></span> <span class='ocrx_word' id='word_1_230' title='bbox 972 3965 1050 4007; x_wconf 89' lang='lat' dir='ltr'><strong>mors</strong></span> <span class='ocrx_word' id='word_1_231' title='bbox 1065 3949 1112 4006; x_wconf 86' lang='lat' dir='ltr'><strong>vel</strong></span> <span class='ocrx_word' id='word_1_232' title='bbox 1126 3965 1171 4006; x_wconf 89' lang='lat' dir='ltr'><strong>me</strong></span> <span class='ocrx_word' id='word_1_233' title='bbox 1186 3947 1234 4005; x_wconf 82' lang='lat' dir='ltr'><strong>uel</strong></span> <span class='ocrx_word' id='word_1_234' title='bbox 1248 3948 1371 4007; x_wconf 84' lang='lat' dir='ltr'><strong>fratrem</strong></span> 
     </span>
     <span class='ocr_line' id='line_1_29' title="bbox 150 4038 376 4116; baseline -0.009 -17"><span class='ocrx_word' id='word_1_235' title='bbox 150 4038 376 4116; x_wconf 85' lang='lat' dir='ltr'><strong>oppressisset.’&#39;</strong></span> 
     </span>
    </p>
   </div>
   <div class='ocr_carea' id='block_1_10' title="bbox 228 4277 750 4431">
    <p class='ocr_par' dir='ltr' id='par_1_15' title="bbox 228 4277 750 4431">
     <span class='ocr_line' id='line_1_30' title="bbox 228 4277 587 4341; baseline -0.011 -1"><span class='ocrx_word' id='word_1_236' title='bbox 228 4283 293 4341; x_wconf 90' lang='grc'><strong>366.</strong></span> <span class='ocrx_word' id='word_1_237' title='bbox 333 4278 450 4339; x_wconf 87' lang='lat' dir='ltr'><strong>Nonius</strong></span> <span class='ocrx_word' id='word_1_238' title='bbox 472 4277 587 4336; x_wconf 84' lang='lat' dir='ltr'><strong>delirat.</strong></span> 
     </span>
     <span class='ocr_line' id='line_1_31' title="bbox 228 4352 750 4431; baseline -0.008 -13"><span class='ocrx_word' id='word_1_239' title='bbox 228 4356 293 4418; x_wconf 76' lang='lat'><strong>370.</strong></span> <span class='ocrx_word' id='word_1_240' title='bbox 335 4377 349 4415; x_wconf 87' lang='lat' dir='ltr'><strong>e</strong></span> <span class='ocrx_word' id='word_1_241' title='bbox 361 4359 431 4431; x_wconf 75' lang='lat' dir='ltr'><strong>fisco</strong></span> <span class='ocrx_word' id='word_1_242' title='bbox 454 4355 544 4414; x_wconf 87' lang='lat' dir='ltr'><strong>Ianus</strong></span> <span class='ocrx_word' id='word_1_243' title='bbox 567 4352 750 4416; x_wconf 84' lang='lat' dir='ltr'><strong>Gulielmius.</strong></span> 
     </span>
    </p>
   </div>
   <div class='ocr_carea' id='block_1_11' title="bbox 0 0 1531 5032">
    <p class='ocr_par' dir='ltr' id='par_1_16' title="bbox 0 0 1531 5032">
     <span class='ocr_line' id='line_1_32' title="bbox 0 0 1531 5032; baseline 0 0"><span class='ocrx_word' id='word_1_244' title='bbox 0 0 1531 5032; x_wconf 95' lang='lat' dir='ltr'><strong> </strong></span> 
     </span>
    </p>
   </div>
  </div>
 </body>
</html>
