3044 5032
145 329 196 394 ,34
715 331 798 383 VIIII

170 507 219 566 att
545 499 618 586 ipsa
639 499 689 568 his
712 521 731 567 e
754 502 841 567 corio
865 501 973 567 omnia
996 499 1102 614 Iurat

259 672 417 758 scaberet,
441 679 476 738 ut
497 692 613 758 porcus
637 673 782 738 contritis
805 672 920 738 arbore
944 673 1039 738 costis
1084 690 1087 697 ·

174 842 194 884 *
260 850 294 909 tu
317 843 399 909 milli
421 864 583 909 nummum
606 850 697 929 potes
720 863 783 908 uno
807 860 963 926 quaerere
986 849 1123 909 centum.

258 1034 323 1079 non
345 999 526 1098 haec'quid
550 1014 690 1098 valeant,
715 1013 834 1097 quidve
858 1012 918 1077 hoc
940 1013 1023 1079 inter
1045 1017 1107 1080 siet
1129 1016 1219 1100 illud,

260 1117 451 1199 cognoscis?
480 1118 616 1202 primum
638 1116 699 1181 hoc
722 1115 809 1200 quod
832 1115 966 1180 dicimus
989 1135 1060 1183 esse
1082 1124 1208 1203 poema,

170 1225 224 1283 ³⁰⁰
260 1238 336 1304 pars
359 1225 408 1285 est
428 1238 532 1303 parva
554 1225 679 1303 poema,
702 1223 819 1303 poema
842 1216 1112 1301 epigrammation
1135 1223 1187 1286 vel

260 1320 439 1404 distichum,
464 1321 604 1405 epistula
626 1322 701 1386 item
725 1321 858 1402 quaevis
881 1339 946 1384 non
969 1340 1089 1403 magna
1111 1329 1230 1407 poema
1251 1329 1309 1387 est.

258 1423 315 1489 illa
337 1423 443 1507 poesis
467 1443 546 1506 opus
569 1429 678 1506 totum,
702 1427 770 1486 tota
792 1423 869 1488 ilias
892 1443 958 1486 una
980 1429 1061 1506 est,-

260 1546 325 1590 una
348 1523 446 1604 θέσις
468 1531 544 1590 sunt
565 1525 699 1590 annales
723 1525 807 1588 Enni
830 1530 927 1608 atque
950 1520 1033 1604 ἔπος
1053 1548 1159 1612 unum,

259 1635 290 1693 et
311 1631 414 1692 maius
439 1629 537 1694 multo
560 1634 608 1693 est
631 1647 727 1711 quam
751 1626 838 1709 quod
861 1625 928 1690 dixi
951 1633 1027 1692 ante
1049 1635 1175 1713 poema.

171 1738 223 1796 tot
261 1751 324 1813 qua
346 1736 477 1815 propter
499 1730 581 1814 dico,
605 1749 699 1794 nemo
723 1728 777 1813 qui
801 1729 909 1812 culpat
931 1729 1106 1796 Homerum

260 1839 416 1919 perpetuo
440 1833 558 1916 culpat,
581 1850 686 1915 neque
709 1829 796 1914 quod
819 1829 888 1893 dixi
911 1837 985 1895 ante
1008 1835 1137 1915 poe'sin:

258 1955 387 2003 versum
410 1956 508 1999 unum
531 1934 648 2018 culpat,
672 1932 814 2014 verbum,
839 1933 1045 2016 enthymema
1067 1935 1224 2003 locumve.

229 2110 295 2167 295.
337 2105 489 2166 Charisius
503 2123 532 2181 p.
545 2102 579 2163 ll
603 2102 704 2162 “Lora
719 2107 858 2178 correpta
872 2103 968 2178 prima
983 2106 1100 2181 syllaba
1115 2113 1144 2185 et
1159 2109 1298 2168 feminino
1313 2128 1363 2186 ge·

154 2221 224 2263 nere
239 2201 365 2260 dicenda
380 2206 439 2273 est;
461 2199 608 2276 producta
623 2202 721 2256 autem
735 2196 909 2255 neutraliter
923 2216 938 2255 e
956 2201 1036 2259 corio
1057 2202 1185 2274 vincula,
1206 2209 1238 2262 ut
1259 2211 1289 2262 et
1302 2205 1365 2262 Lu·

153 2297 237 2356 cilius
258 2297 288 2354 in
308 2312 342 2350 rx
362 2291 439 2368 ‘ipsa
460 2311 485 2348 sr
508 2313 541 2349 sn
564 2293 643 2351 corio
666 2289 763 2349 omnia
782 2291 883 2349 ldra’.”
946 2348 950 2357 ,

153 2445 156 2448 ,
229 2392 296 2448 296.
335 2386 507 2444 Priscianus
528 2405 556 2462 p.
574 2387 631 2445 884
651 2384 813 2442 “Similiter
834 2387 927 2445 scabo
949 2388 1041 2446 scabi.
1079 2390 1156 2448 idem
1179 2391 1314 2451 Lucilius
1335 2393 1366 2451 in

152 2503 186 2540 rx
207 2481 304 2559 (unus
325 2475 437 2539 alterve
459 2496 586 2537 meorum
608 2479 695 2537 codd.
711 2479 748 2536 x.'
768 2477 923 2554 Krehlius)
945 2479 1095 2542 ‘scaberet
1115 2485 1302 2543 ...costiszff’

141 2575 143 2579 ’
229 2572 295 2633 29Ἷ.
337 2571 452 2631 Gellius
474 2593 494 2647 1,
510 2577 545 2632 16
567 2579 652 2630 etex
674 2590 708 2630 eo
730 2571 903 2631 Macrobius
928 2573 1050 2634 Saturn.
1065 2579 1116 2649 1‚5
1139 2559 1292 2636 “Lucilius
1314 2597 1366 2638 au·

152 2675 210 2736 tem
230 2675 349 2746 praeter
370 2668 450 2745 quod
471 2684 562 2743 supra
582 2667 669 2742 posui
695 2666 753 2724 alio
775 2685 893 2742 quoque
920 2669 948 2726 in
968 2670 1035 2727 loco
1055 2670 1086 2726 id
1107 2671 1293 2730 manifestius
1314 2674 1366 2732 de·

151 2770 310 2836 monstrat,
336 2780 404 2821 uam
424 2762 452 2818 in
474 2761 550 2818 libro
572 2760 791 2836 quintodecimo
814 2762 857 2820 ita
881 2762 952 2820 dicit
975 2763 1061 2822 ‘hunc
1082 2766 1153 2823 milli
1174 2783 1316 2842 passum.
1331 2812 1337 2824 .
1352 2768 1367 2826 .'

151 2858 221 2916 item
247 2858 305 2915 alio
330 2858 360 2915 in
380 2857 455 2914 libro
477 2873 555 2912 nono
577 2853 617 2912 ‘tu
639 2855 710 2912 milli
733 2857 928 2914 ...centuna’
964 2857 1034 2915 milli
1061 2877 1183 2933 passum
1210 2859 1285 2918 dixit
1310 2879 1368 2935 pro

151 2951 229 3009 mille
250 2952 390 3026 passibus
413 2957 442 3008 et
462 2967 519 3006 uno
541 2947 611 3005 milli
631 2942 778 3006 nummum
799 2966 854 3023 pro
875 2949 940 3006 uuis
961 2952 1039 3008 millo
1062 2955 1185 3010 nummis
1201 2959 1369 3031 aperteque

152 3043 283 3101 ostendit
312 3043 390 3102 mille
416 3048 448 3102 et
473 3042 650 3101 vocabulum
676 3059 741 3099 esse
769 3049 799 3100 et
824 3042 967 3116 singulari
994 3063 1115 3103 numero
1148 3046 1205 3105 dici
1240 3049 1368 3125 eiusque

152 3137 332 3213 plurativum
354 3156 420 3197 esse
442 3138 522 3196 milia
542 3142 571 3195 et
592 3155 693 3194 casum
715 3137 803 3194 etiam
825 3154 933 3211 capere
954 3138 1141 3216 ablativum.''

227 3234 293 3291 298.
334 3231 450 3290 Nonius
470 3249 499 3307 p.
514 3231 614 3304 maa
635 3229 764 3288 “Possis
786 3236 816 3288 et
835 3237 943 3305 poema
963 3230 1165 3293 hanc'habent
1182 3234 1366 3296 distantiam.

105 3330 108 3336 '
219 3325 350 3384 Lucilius
379 3333 542 3403 satyrarum
566 3324 618 3382 lib.
633 3342 698 3381 vun
726 3324 793 3381 ‘nou
819 3323 893 3382 haec
919 3325 990 3400 quid
1014 3346 1133 3386 urrunnu
1155 3347 1284 3405 ...pars
1319 3336 1368 3389 est

150 3439 245 3498 parva
269 3431 376 3496 poema
400 3440 476 3478 nunu
502 3419 630 3496 epistula
658 3418 780 3494 itemque
800 3410 843 3475 vis
929 3438 1004 3495 opus
1025 3427 1119 3482 totum
1139 3429 1268 3482 totauun
1291 3443 1367 3482 rnna

151 3534 258 3572 summa
280 3521 327 3574 est
353 3533 413 3572 una
438 3513 528 3581 θέσις
552 3532 592 3570 ur
620 3513 741 3570 annales
767 3513 833 3570 euni
860 3522 948 3589 atque
976 3533 1054 3574 sroe
1078 3537 1166 3576 unum
1190 3536 1246 3575 ner
1270 3519 1368 3577 mains

150 3611 241 3669 multo
256 3616 302 3668 est
324 3657 329 3668 .
344 3657 349 3668 .
364 3655 369 3667 .
386 3607 491 3684 poesin
515 3624 671 3664 inversum
688 3624 776 3664 unum
797 3650 844 3664 ...
859 3613 1025 3683 entymema
1039 3612 1241 3669 urmsnocum’.
1268 3612 1367 3672 Varro

152 3704 339 3762 Parmenone
361 3702 485 3761 ‘Poema
506 3704 553 3759 est
572 3701 648 3758 lexis
670 3698 850 3775 eurythmos
873 3701 904 3759 id
925 3710 971 3763 est
992 3707 1084 3765 verba
1105 3706 1189 3781 plura
1206 3706 1321 3764 modice
1335 3707 1367 3764 in

151 3797 300 3873 quandam
324 3797 458 3854 coniecta
479 3795 612 3854 formam.
646 3795 746 3869 itaque
767 3795 853 3852 etiam
874 3797 999 3872 dysticon
1014 3804 1243 3876 eplprummotioa
1257 3807 1369 3859 vocant

126 3876 128 3880 Α
150 3900 267 3967 poema.
298 3889 398 3967 poesis
419 3896 466 3948 est
484 3894 660 3965 perpetuum
680 3893 886 3962 argumentum
900 3909 938 3948 ex
952 3893 1083 3967 rythmis,
1104 3901 1136 3952 ut
1157 3895 1228 3951 Ilias
1243 3894 1366 3953 Homeri

151 3993 182 4044 et
202 3985 315 4044 annalis
337 3983 433 4042 Enni.
473 3982 592 4059 poetice
613 3988 659 4040 est
679 3999 728 4040 ars
750 3999 851 4058 earum
872 3985 1002 4043 rerum’.”

151 4096 351 4106 ——-.-——

227 4149 293 4205 302.
334 4156 394 4203 toto
413 4146 487 4203 Ilias
506 4164 563 4202 uuo
585 4145 675 4204 Ianus
696 4145 809 4206 Dousa.

226 4225 292 4282 304.
333 4225 374 4280 Et
392 4226 481 4279 maias
506 4223 590 4280 multo
616 4242 699 4298 quom
723 4221 902 4282 Gerlachius
924 4225 1032 4300 edidit,
1058 4225 1244 4301 imprudens,
1271 4228 1366 4287 voluit

149 4302 239 4374 enim,
261 4306 293 4358 ut
313 4300 404 4356 lanus
425 4300 537 4373 Dousa,
558 4300 612 4358 Eat
630 4304 719 4357 motus
737 4303 822 4360 multo
842 4320 933 4376 mam.

228 4375 295 4436 307.
342 4378 456 4434 l’ersum
475 4397 558 4434 uuum
581 4378 692 4437 Iunius.
