3044 5032
151 329 193 395 94
713 331 794 378 xxx

172 501 191 544 i
255 499 402 566 Persium
423 518 489 564 non
512 517 588 564 curo
610 497 729 582 legere,
757 496 906 563 Laelium
928 496 1105 562 Decumum
1127 492 1212 560 volo.

634 884 636 889 ·
686 840 820 926 XXX

170 1060 223 1121 tto
260 1055 423 1141 accipiunt
443 1055 542 1139 leges,
566 1056 704 1140 populus
728 1056 835 1151 quibu’
860 1054 988 1137 legibus
1011 1053 1106 1120 exlex

527 1254 602 1320 inde
627 1253 743 1319 canino
766 1253 830 1318 ritu
853 1252 965 1319 oculos
988 1252 1064 1337 quoi

258 1356 400 1423 involem

604 1553 823 1639 praestringat
844 1552 1019 1639 splendore
1042 1552 1173 1618 micanti

227 1841 291 1899 859.
334 1841 441 1900 Cicero
458 1840 495 1900 de
509 1847 626 1901 oratore
640 1861 670 1918 11,
685 1844 712 1917 6,
724 1845 760 1902 25
782 1841 880 1900 “Nam
894 1845 927 1900 nt
943 1839 978 1900 Ο.
993 1839 1139 1915 LuciliuS,
1152 1839 1241 1920 homo
1257 1837 1371 1899 doctus

148 1940 181 1993 et
197 1936 394 2010 perurbanus,
417 1934 515 1995 dicere
537 1937 663 2013 solebat,
685 1955 782 2014 neque
804 1953 836 1996 se
857 1937 895 1994 ab
916 1935 1128 1995 indoctissimis
1150 1952 1279 2012 nequea
1298 1934 1370 1994 doc·

150 2029 272 2089 cissimis
293 2030 354 2106 legi
374 2031 464 2104 velle,
491 2029 571 2106 quod
594 2031 680 2090 alteri
700 2031 772 2089 nihil
791 2031 1013 2106 intellegerent,
1039 2029 1125 2090 alteri
1146 2030 1215 2106 plus
1235 2029 1371 2090 fortasse

151 2143 239 2200 qnam
258 2125 336 2200 ipse,
362 2125 477 2203 dequo
499 2127 589 2186 etiam
611 2127 732 2202 scripsit
752 2126 901 2186 ‘Persium
923 2143 982 2185 non
1003 2142 1074 2185 curo
1094 2124 1215 2199 legere’,
1241 2124 1291 2184 hic
1314 2124 1368 2183 snit

150 2218 236 2293 enim,
257 2224 290 2277 ut
303 2237 450 2296 noramns,
472 2222 600 2280 omnium
617 2223 678 2281 fere
694 2227 862 2282 nostrorum
882 2221 1029 2279 hominum
1052 2218 1258 2294 doctissimus,
1277 2219 1369 2278 ‘Lae-

149 2312 220 2371 lium
240 2312 403 2372 Decumum
423 2315 510 2387 volo',
536 2333 623 2391 quem
647 2315 841 2392 cognorimus
865 2315 959 2374 virum
980 2314 1090 2372 bonum
1114 2319 1144 2372 et
1164 2331 1223 2372 non
1244 2313 1369 2373 illitera-

151 2416 223 2481 tum,
245 2406 298 2466 sed
318 2407 391 2466 nihil
412 2407 451 2466 ad
471 2408 625 2469 Persium:
648 2410 691 2469 sie
712 2428 768 2485 ego
785 2411 849 2469 ...''
928 2409 1014 2468 Idem
1036 2407 1073 2466 de
1094 2408 1143 2466 fin.
1158 2408 1227 2466 bon.
1249 2413 1280 2466 et
1302 2409 1370 2467 mal.

150 2521 170 2572 1,
184 2500 242 2576 3,t
265 2500 350 2560 “Nec
371 2519 451 2577 vero,
472 2509 504 2562 ut
524 2511 625 2564 noster
646 2503 791 2578 Lucilius,
811 2503 969 2575 recusabo,
990 2520 1048 2578 quo
1069 2503 1164 2560 minus
1186 2520 1289 2561 omnes
1305 2520 1370 2562 mea

151 2597 264 2671 legant.
293 2597 404 2655 utinam
425 2603 506 2657 esset
525 2599 574 2669 ille
596 2597 734 2658 Persius!
761 2597 862 2674 Scipio
885 2614 955 2655 vero
975 2602 1006 2656 et
1019 2596 1150 2656 Rutilius
1171 2597 1265 2656 multo
1280 2598 1369 2656 etiam

152 2692 263 2766 magis3
285 2708 409 2768 qnorum
428 2691 479 2751 ille
500 2692 639 2752 indicium
661 2691 870 2767 reformidans,
892 2690 1066 2750 Tarentinis
1083 2691 1126 2750 ait
1139 2709 1171 2750 se
1187 2696 1217 2750 et
1231 2691 1367 2752 Consen-

150 2787 220 2846 tinis
246 2792 276 2846 et
302 2785 411 2846 Siculis
437 2787 594 2847 scribere.”
638 2788 751 2847 Confer
776 2785 970 2861 Madvigium.
1071 2785 1188 2844 Plinius
1216 2786 1287 2846 hist.
1309 2794 1367 2847 nat.

150 2879 279 2956 praet‘t
307 2879 490 2939 “Praeterea
515 2888 562 2940 est
590 2883 737 2959 quaedam
762 2881 884 2958 publica
909 2880 998 2938 etiam
1025 2881 1205 2940 eruditorum
1230 2883 1367 2950 reiectio;

151 2975 244 3032 utitur
262 2974 315 3033 illa
335 2979 365 3032 et
389 2975 432 3033 M.
455 2975 570 3035 Tullius
592 2983 681 3037 extra
702 2994 818 3036 omnem
841 2973 941 3050 ingeni
965 2975 1062 3033 aleam
1086 2976 1204 3052 positus
1232 2981 1264 3034 et
1290 2975 1369 3053 quod

151 3069 288 3126 miremur
307 3086 362 3144 per
384 3068 561 3130 advocatum
583 3071 763 3150 defenditur:
786 3071 851 3152 ‘nec
865 3068 1055 3129 doctissimis.
1082 3070 1216 3128 Manium
1232 3069 1367 3129 Persium

151 3160 224 3220 haec
249 3161 350 3235 legere
375 3163 458 3237 nolo,
483 3163 599 3223 Iunium
624 3165 759 3240 Congum
785 3166 869 3224 rolo’.
906 3163 988 3240 quod
1012 3164 1037 3222 si
1061 3162 1118 3224 hoc
1141 3163 1294 3239 Lucilius,
1319 3164 1368 3241 qui

151 3255 263 3333 primns
285 3255 420 3314 condidit
439 3257 499 3316 stili
520 3277 633 3333 nasum,
661 3259 817 3318 dicendum
841 3258 898 3318 sibi
917 3257 1043 3333 putarit,
1064 3258 1090 3317 si
1110 3257 1216 3317 Cicero
1234 3266 1367 3319 mutuan-

75 3363 96 3388 =·
152 3349 230 3423 dum,
250 3351 426 3426 praesertim
448 3369 513 3410 eum
533 3352 569 3410 de
590 3354 758 3429 republica
773 3354 926 3428 scriberet,
948 3358 1060 3428 quanto
1081 3369 1135 3410 nos
1156 3354 1309 3413 causatius
1332 3353 1368 3411 ab

151 3445 250 3520 aliquo
270 3444 367 3504 iudice
388 3445 573 3506 defendimus
582 3445 611 3506 P’

229 3539 295 3596 860.
338 3537 454 3598 Nonius
475 3558 504 3616 p.
521 3543 565 3618 10,
578 3545 615 3601 21
638 3543 725 3602 “Ilex
747 3547 777 3602 et
797 3541 884 3600 exlex
905 3548 952 3601 est
972 3541 1022 3617 qui
1042 3540 1105 3600 sine
1125 3541 1192 3616 lege
1213 3540 1304 3600 vivat.

153 3631 286 3690 Lucilius
308 3637 398 3708 satyr.
419 3633 470 3692 lib.
486 3653 508 3690 n
525 3637 681 3697 ...Varro
697 3682 703 3696 .
720 3636 893 3696 ..Lucilius
915 3637 966 3695 lib.
978 3655 1044 3693 xxx
1064 3634 1226 3710 ‘accipiunt
1246 3681 1253 3694 .
1271 3681 1278 3694 .
1294 3681 1300 3694 .
1319 3651 1367 3693 ex·

150 3725 234 3784 lexis}

228 3821 293 3879 861.
334 3820 451 3880 Nonius
472 3840 501 3898 p.
513 3823 593 3896 33,2
615 3823 775 3882 “Inrolare
796 3829 842 3883 cst
861 3824 987 3897 inruere,
1007 3824 1135 3897 insilire;
1156 3829 1208 3883 aut
1228 3841 1247 3883 a
1268 3824 1368 3884 volatu

151 3922 203 3976 aut
223 3933 241 3974 a
262 3917 339 3990 vola,
360 3916 454 3976 idest
476 3916 574 3974 media
595 3935 693 3991 mann,
715 3918 833 3977 dictum.
919 3919 1054 3977 Lucilius
1075 3919 1127 3977 lib.
1140 3937 1206 3974 xxx
1226 3917 1307 3977 ‘inde
1322 3937 1367 3978 ca·

152 4012 222 4069 uino
243 4028 318 4067 arro
342 4010 422 4085 (olim
445 4010 582 4086 impressi
601 4011 668 4086 ritu)
691 4029 866 4072 ocnnrscun
887 4011 1051 4070 involem'.''

228 4107 293 4162 863.
334 4103 449 4163 Nonius
471 4105 603 4181 p.34,3l
627 4106 874 4181 “Praestringere
897 4104 1007 4164 dictum
1029 4112 1155 4165 estnon
1176 4106 1367 4166 valdestrin·

152 4220 223 4279 gere
248 4208 278 4261 ct
304 4200 452 4261 claudere.
492 4200 620 4257 Plautus
647 4200 677 4257 in
704 4201 801 4259 Milite
829 4201 958 4276 glorioso
984 4198 1196 4276 ‘praestringat
1217 4203 1368 4261 oculorum

155 4297 247 4367 aciem
267 4297 298 4355 in
317 4297 380 4354 acie
393 4295 545 4355 hostibus’.
571 4294 706 4353 Lucilius
720 4295 841 4354 libxxx
862 4295 1074 4371 ‘praestringat
1089 4312 1261 4352 ocunonnu
1276 4312 1368 4354 seran

151 4410 185 4450 ns
204 4408 274 4448 senx
296 4407 446 4447 uosrrnus
467 4388 626 4465 splendore
647 4388 805 4447 micanti'.'’
