3044 5032
278 1736 608 1822 PRAEFATIO
637 1736 876 1824 IOANNIS
906 1739 1172 1824 VAHLENI

204 2129 364 2238 Carolum
385 2167 625 2245 Lachmannum
647 2171 756 2230 notum
778 2172 828 2232 est
850 2167 1001 2233 extremis
1023 2168 1110 2234 vitae
1132 2168 1236 2252 annis,
1263 2175 1329 2234 tum

118 2347 188 2392 oum
216 2330 301 2389 totus
324 2328 394 2388 erat
422 2322 456 2386 in
486 2319 682 2386 restituendo
705 2321 868 2404 Lucretio,
896 2321 993 2387 simul
1013 2321 1128 2387 Luoilii
1150 2325 1330 2387 saturarum

117 2498 229 2544 versus
258 2476 447 2562 superstites
475 2473 644 2540 emendate
673 2474 810 2558 seriptos
832 2473 930 2540 edere
952 2476 1173 2542 constituisse:
1208 2474 1329 2559 quain

116 2651 151 2696 re
175 2636 326 2714 quantum
348 2630 409 2694 hoo
431 2627 510 2694 felix
532 2647 666 2694 acumen
688 2624 892 2712 profecisset,
920 2647 992 2694 oum
1014 2625 1328 2713 speciminibus'qui·

117 2783 253 2847 busdam
278 2802 337 2865 per
365 2779 601 2865 prooemiorum
633 2779 891 2845 aoademioorum
917 2751 1118 2846 oooasiouem
1146 2778 1241 2844 editis
1263 2783 1329 2842 tum

117 2935 221 3017 magis
244 2936 315 3020 ipso
338 2934 393 2998 illo
422 2932 649 2999 commentario
672 2933 706 2998 in
728 2933 912 2999 Lueretium
935 2933 1110 3019 composito
1132 2932 1328 3018 patefaotum

117 3092 194 3152 erat.
249 3088 363 3170 Itaque
401 3106 472 3151 eum
510 3106 597 3152 auno
630 3108 768 3150 unccem
806 3087 978 3152 immatura
1017 3061 1102 3150 mors
1142 3086 1246 3152 virum
1282 3065 1342 3149 iu?

117 3240 367 3325 comparabilem
390 3212 440 3305 his
463 3240 580 3306 studiis
602 3259 641 3305 ao
663 3239 776 3306 litteris
798 3239 916 3305 nostris
938 3239 1112 3324 eripuisset
1130 3258 1205 3303 mox
1220 3257 1328 3303 rumor

115 3393 311 3478 percrebuit,
341 3393 580 3458 Lucilianarum
608 3392 813 3476 reliquiarum
836 3389 1000 3479 συλλογὴν
1021 3411 1124 3476 paene
1147 3392 1328 3457 absolutam

116 3544 148 3607 in
171 3544 299 3609 seriniis
322 3545 390 3609 eius
411 3532 575 3609 inventam
598 3564 733 3627 eamque
755 3565 776 3610 a
799 3545 953 3612 Maurieio
973 3546 1123 3631 Hauptio‚
1147 3564 1211 3628 quo
1234 3563 1327 3610 nemo

115 3697 248 3783 propius
281 3696 323 3762 ad
349 3695 549 3765 Lachmanni
582 3697 748 3781 ingenium
781 3718 820 3764 ao
852 3698 1105 3764 familiaritatem
1138 3704 1326 3783 aooesserat,

115 3852 303 3937 propediem
338 3850 458 3916 editum
491 3850 545 3914 iri:
591 3851 686 3934 eique
719 3851 838 3916 rumori
866 3851 1024 3916 Martinus
1050 3851 1199 3918 Hertzius
1228 3853 1327 3918 *fidem

115 4002 285 4070 addiderat
321 4005 354 4069 in
390 4005 458 4071 vita
497 4002 697 4069 Lachmanni
729 4026 761 4090 p.
785 4005 845 4072 149
868 4025 894 4071 s.
916 4011 948 4071 et
974 4025 1065 4066 xxvu
1086 4025 1117 4068 n.
1173 4004 1239 4071 Sed
1274 4023 1333 4101 exj

114 4155 287 4241 peetationi
318 4154 483 4222 doetorum
510 4157 607 4224 valde
637 4162 777 4242 erectae,
812 4157 932 4243 quippe
959 4155 1073 4240 quibus
1100 4155 1180 4222 nihil
1203 4158 1326 4242 gratius

115 4307 317 4393 acceptiusve
334 4307 481 4374 arridere
496 4309 655 4396 potuisset
670 4328 767 4395 quam
782 4309 843 4376 hoe
858 4315 1000 4376 extremo
1016 4308 1213 4377 Laobmarmi
1229 4328 1327 4399 opere
