3044 5032
179 320 239 385 103
665 317 802 367 1-xxv.
825 316 905 368 xxx

161 460 225 585 s*
250 471 252 475 ’
290 487 396 569 ‘quam
419 484 526 570 lepide
548 485 651 550 lexeis
674 490 858 569 compostae
880 489 915 549 ut
937 483 1114 550 tesserulae
1136 503 1249 550 omnes
1294 476 1296 482 ’

156 592 166 687 ,¹
290 593 359 653 arte
381 587 557 672 pavimenti
580 592 676 671 atque
700 586 890 653 emblemate
911 585 1130 654 vermiculato.

150 732 250 887 43115
294 776 455 844 ‘Crassum
477 776 583 843 habeo
605 795 768 861 generum,
791 795 832 842 ne
854 775 1089 842 rhetoricotero'
1113 779 1147 840 tu
1169 773 1225 841 sis.

200 967 219 1007 *
742 963 851 1048 quibu'
872 963 983 1030 vinum

288 1066 437 1133 defusum
460 1087 478 1134 e
501 1068 599 1152 pleno
621 1066 662 1132 sit
684 1067 827 1132 hirsizon
849 1066 900 1132 eui
922 1066 969 1132 nil
1022 1141 1024 1145 ,
1079 1082 1080 1086 ’

292 1170 370 1235 dum
392 1171 434 1236 sit
456 1171 506 1237 vis
530 1175 561 1236 11
584 1171 730 1235 sacculus
757 1169 924 1235 abstulerit

202 1407 204 1411 ·
256 1375 321 1434 993.
353 1373 417 1433 995.
461 1370 1397 1450 1111111111οτ11ο11111,43,111’1011111111111111111111-

180 1485 290 1547 ponere
305 1473 334 1527 et
349 1472 463 1527 struere
480 1468 572 1527 verba
586 1469 629 1529 sic
649 1475 682 1528 ut
698 1486 771 1528 neve
786 1485 877 1545 asper
897 1484 998 1527 eorum
1013 1482 1176 1526 concursus
1192 1482 1266 1525 neve
1280 1464 1398 1523 hiulcus

180 1563 228 1637 sit,
249 1561 303 1621 sed
318 1560 448 1639 quodam
469 1562 558 1621 modo
572 1569 798 1638 coagmentatus
821 1568 851 1621 et
867 1562 951 1623 levis.
983 1562 1014 1620 in
1036 1577 1096 1638 quo
1108 1560 1210 1637 lepide
1224 1559 1322 1620 soceri
1342 1558 1400 1617 mei

183 1673 313 1733 persona
332 1655 404 1714 lusit
422 1655 513 1731 isqui
532 1656 753 1731 elegantissime
774 1656 806 1714 id
822 1657 921 1717 fauere
935 1656 1042 1735 potuit,
1063 1653 1214 1714 Lucilius:
1235 1653 1337 1732 ‘quam
1357 1652 1398 1712 le·

183 1744 253 1828 pide
274 1749 367 1809 lexeis
389 1751 433 1825 (cn
451 1749 585 1808 11111111
600 1750 814 1810 Abrincensis:
835 1751 866 1809 in
880 1750 946 1810 aliis
963 1749 1049 1810 aliter
1061 1753 1218 1826 peccatum
1240 1748 1298 1815 estl
1319 1764 1398 1806 eom·

182 1852 289 1921 poetae
306 1842 437 1920 (codices
452 1843 513 1902 fere
529 1844 706 1922 conpositae)
721 1890 727 1904 .
741 1887 749 1903 .
762 1890 769 1904 .
781 1849 845 1905 arte
853 1848 1012 1921 pavimento
1028 1841 1293 1904 ...vermiculato'.
1321 1857 1399 1918 quae

180 1957 247 1999 cum
264 1938 391 1997 dixisset
405 1937 434 1995 in
448 1938 608 1997 Albucium
622 1937 760 2014 illudens,
782 1957 818 1997 nc
834 1954 912 1997 ame
932 1935 1051 2015 quidem
1067 1936 1222 1997 abstinuit:
1244 1933 1399 1996 ‘Crassum

181 2080 186 2093 .
204 2078 230 2092 ..
246 2050 283 2091 ne
304 2030 526 2091 rhetoricotero'
546 2031 634 2091 tusis
651 2030 695 2110 (nc
713 2033 865 2093 abactorioo
882 2042 906 2092 tc
918 2035 1003 2108 rufius
1021 2031 1170 2092 11111111
1184 2029 1399 2090 Abriucensis:

179 2129 209 2186 in
229 2127 293 2186 aliis
315 2126 374 2184 alia
395 2125 468 2184 vitia
490 2125 608 2201 suut)'.”
686 2125 716 2184 Ν
719 2127 803 2186 onius
817 2145 846 2204 p.
864 2128 932 2202 188,
947 2126 989 2184 24
1009 2123 1252 2184 “Vermiculatim
1266 2124 1322 2200 (sic
1338 2124 1398 2183 Bu·

180 2222 340 2280 sileeuses:
367 2221 584 2279 Vernicnlotunn
603 2219 674 2279 olim
694 2219 844 2299 impressi)
864 2238 920 2298 pro
940 2219 1061 2279 minuto.
1093 2217 1199 2278 Cicero
1219 2217 1258 2277 de
1280 2218 1323 2294 (in
1337 2218 1397 2278 Ba·

179 2315 334 2390 sileeuses)
356 2319 472 2372 oratore
495 2312 594 2372 lib.111
616 2312 702 2372 ‘lexis
723 2321 855 2391 conposui
875 2326 902 2375 et
920 2317 954 2373 ut
973 2312 1139 2372 tesserulae
1160 2310 1216 2388 (sic
1238 2310 1397 2371 Basileen·

180 2426 245 2467 ses:
272 2406 426 2465 emendate
457 2406 526 2464 olim
551 2405 700 2484 impressi)
730 2425 831 2469 omnes
852 2416 915 2469 arte
930 2412 1089 2485 pauimento
1111 2411 1202 2483 atque
1223 2407 1399 2467 emblemate

179 2499 406 2560 vermiculato'.”
507 2497 617 2557 Cicero
640 2500 670 2557 in
691 2503 947 2578 οι·11ο1144,149
967 2499 995 2558 “.
1008 2546 1014 2559 .
1028 2501 1126 2579 ‚quod
1146 2501 1228 2578 apud
1249 2500 1400 2560 Lucilium

180 2595 253 2654 scite
275 2594 410 2669 exagitat
427 2593 459 2650 in
480 2592 613 2652 Albucio
636 2593 793 2672 Scaevola,
814 2593 913 2672 ‘quarn
934 2594 1032 2671 lepide
1053 2589 1145 2664 λίξεις
1164 2601 1341 2672 compostae

179 2696 242 2749 1111
258 2693 419 2764 pauimento
435 2733 440 2745 .
454 2731 460 2744 .
474 2732 480 2743 .
493 2688 722 2747 vermiculato'.”
810 2688 895 2747 Idem
909 2689 940 2747 in
953 2689 1051 2748 Bruto
1065 2685 1112 2762 te,
1125 2685 1184 2747 214
1197 2687 1330 2747 “nullum
1346 2687 1398 2747 nisi

162 2785 247 2843 'loco
272 2775 400 2858 positum
426 2787 456 2842 et
480 2786 632 2858 tamquam
655 2783 686 2840 in
715 2783 907 2843 vermiculato
931 2783 1123 2854 emblemate,
1144 2786 1178 2841 ut
1198 2781 1241 2841 ait
1254 2781 1399 2856 Lucilius,

180 2885 322 2938 structum
343 2877 465 2936 verbum
479 2875 623 2935 uideres.''
701 2876 816 2937 Plinius
832 2877 902 2938 hist.
917 2882 979 2938 nat.
989 2894 1094 2951 xxxw,
1108 2877 1156 2951 25,
1171 2877 1207 2935 61
1224 2874 1399 2954 “Frequen-

178 2978 244 3032 tata
263 2989 333 3030 vero
353 2972 525 3046 pavimenta
546 2977 614 3031 ante
634 2972 816 3033 Cimbricum
837 2972 970 3048 (bellurn)
992 2988 1102 3046 magna
1122 2970 1220 3046 gratia
1235 2970 1398 3030 animorum

179 3065 288 3124 indicio
309 3071 356 3125 est
375 3064 548 3124 Lucilianus
574 3064 625 3123 ille
651 3083 757 3125 versus
783 3065 858 3125 ‘arte
873 3069 1028 3143 commenti
1050 3050 1122 3143 (sic‘
1135 3063 1232 3125 codex
1252 3064 1398 3125 Bamber·

180 3160 281 3234 gensis
303 3160 425 3236 aliique:
447 3158 496 3216 alii
516 3158 690 3235 pavimento)
706 3205 712 3217 .
726 3204 732 3216 .
745 3204 752 3218 .
764 3160 956 3219 vermiculato
978 3159 1181 3234 (contenturos
1194 3157 1399 3235 Bambergen·

180 3252 269 3328 sis)'.''
369 3253 571 3328 Quintilianus
586 3255 670 3328 1x,4,
687 3255 742 3313 113
763 3251 864 3312 “...si
885 3253 1006 3330 quidem
1026 3253 1130 3312 relicto
1150 3269 1246 3312 rerum
1266 3251 1399 3328 pondere

180 3363 217 3407 ac
241 3348 337 3412 nitore
363 3354 536 3424 contempto
556 3346 738 3421 tesserulae,
759 3352 792 3405 nt
810 3347 852 3407 ait
874 3347 1023 3424 Lucilius,
1044 3353 1139 3406 struet
1158 3351 1189 3406 et
1208 3346 1399 3407 vermiculate

179 3443 256 3500 inter
276 3460 309 3500 se
329 3442 405 3501 lexis
427 3439 626 3502 committet'.''
694 3434 696 3438 ⁴

256 3537 321 3594 996.
363 3536 469 3595 Cicero
491 3535 528 3594 de
543 3534 591 3594 fin.
606 3535 676 3594 bon.
691 3541 721 3593 et
734 3536 803 3595 mal.
814 3553 845 3611 11,
857 3538 884 3610 8,
895 3536 932 3593 23
954 3533 1117 3612 “Mundos,
1137 3536 1302 3611 elegantes,
1321 3534 1396 3612 opti·

179 3628 234 3686 mis
258 3630 349 3704 cocis,
375 3614 547 3706 pistoribus,
569 3628 696 3706 piscatu,
718 3631 855 3708 aucupio,
875 3629 1044 3702 venatione,
1065 3629 1113 3689 his
1135 3629 1273 3690 omnibus
1294 3629 1396 3706 exqui-

181 3721 260 3796 sitis,
281 3724 409 3783 ritautes
432 3722 625 3798 cruditatem,
646 3723 753 3800 quibus
775 3722 884 3782 ‘vinnm
905 3723 1040 3782 defusum
1061 3741 1078 3782 e
1098 3723 1187 3799 pleno
1209 3722 1248 3782 sit
1267 3722 1398 3783 hirsizon

180 3816 235 3890 (sic
264 3816 361 3876 codex
381 3817 538 3876 Palatinus
559 3818 685 3894 primus,
712 3818 838 3895 hrysizon
857 3818 1069 3894 Erlangensis,
1094 3816 1235 3894 binnpbon
1259 3818 1340 3894 alii)',
1365 3824 1398 3878 ut

181 3911 223 3969 ait
236 3911 385 3985 Lucilius,
407 3910 466 3970 ‘cui
479 3910 552 3968 nihil
573 3910 642 3969 dum
657 3912 695 3970 sit
709 3912 754 3971 vis
770 3919 801 3970 et
814 3914 952 3972 sacculus
968 3911 1143 3986 abstulerit',
1164 3909 1342 3972 adhibentes
1355 3912 1397 3971 lu·

182 4003 236 4063 dos
257 4009 288 4062 11
303 4022 378 4081 quae
400 4010 562 4082 sequuntur
577 4050 583 4063 .
596 4049 602 4062 .
616 4005 640 4062 .''
672 4003 890 4066 Grammaticus
911 4006 949 4065 de
969 4006 1129 4082 generibus
1150 4004 1299 4064 nominum
1320 4023 1338 4065 1
1357 4007 1395 4064 M.

180 4098 315 4175 Hauptio
335 4098 432 4158 editus
453 4118 483 4175 p.
499 4100 536 4160 98
557 4096 692 4159 “Saccus
712 4100 832 4175 generis
851 4099 1022 4177 masculini,
1046 4105 1080 4160 ut
1099 4099 1200 4160 Varro
1220 4096 1331 4158 ‘vinum
1350 4097 1399 4159 cui

181 4191 254 4251 nihil
277 4192 415 4253 sacculus
436 4191 596 4253 abstulit'.”

258 4374 323 4434 995.
345 4371 467 4434 *Ocni
485 4371 633 4433 commin
652 4373 742 4436 Luor.
762 4393 792 4453 p.
806 4376 843 4436 29
863 4380 894 4435 11
912 4374 978 4436 212.
