3044 5032
649 309 664 360 I

165 479 246 544 haec
266 478 321 546 ubi
342 478 429 544 dicta
451 477 550 563 dedit,
572 497 707 565 pausam
731 476 808 544 facit
830 496 885 542 ore
907 473 1070 560 loquendi.

101 651 120 692 *
161 670 219 735 per
241 657 383 717 saturam
405 650 544 718 aedilem
567 648 696 735 factum,
719 651 775 737 qui
797 647 916 733 legibu’
941 635 1047 713 solvat

160 823 257 887 stulte
279 824 431 890 saltatum
452 827 483 886 te
505 822 588 887 inter
610 824 738 889 venisse
755 822 910 889 cinaedos

161 994 294 1059 inritata
317 1013 413 1059 canes
437 1013 533 1074 quam
554 990 648 1059 homo
677 995 763 1079 quod
785 951 906 1081 planiu’
931 992 1019 1058 dicit.

90 1178 125 1236 ao
164 1183 294 1247 serpere
316 1165 363 1229 uti
384 1183 573 1248 gangraena
595 1163 682 1228 mala
704 1172 800 1248 atque
821 1165 1001 1250 herpestica
1021 1167 1140 1247 posset.

164 1335 206 1399 ad
230 1353 363 1399 caenam
386 1333 556 1420 adducam,
580 1343 612 1401 et
632 1336 770 1421 primum
792 1335 880 1401 hisce
903 1334 1077 1400 abdomina
1099 1334 1211 1399 thunni

135 1526 180 1583 16.
220 1521 336 1581 Nonius
356 1540 385 1599 p.
402 1525 499 1599 168,8
520 1523 645 1585 “Pausa
665 1531 712 1584 est
731 1525 814 1601 quies
834 1522 956 1582 alicuius
977 1522 1026 1581 rei.
1131 1522 1265 1582 Lucilius

57 1624 220 1693 satyramm
240 1616 316 1674 lib.1
339 1614 421 1676 ‘baec
508 1613 633 1695 pausam
654 1639 714 1678 orn
734 1617 909 1696 loquendi’.'’
1017 1661 1020 1666 -

137 1710 180 1769 11.
220 1709 380 1770 Diomedes
394 1730 424 1787 p.
435 1712 492 1770 483
507 1711 577 1771 “olii
594 1720 690 1773 autem
707 1714 816 1774 dictam
829 1718 936 1789 putant
949 1729 967 1771 a
980 1712 1046 1787 lege
1062 1717 1170 1787 satyra,
1192 1727 1267 1786 quae

57 1823 116 1864 unc
134 1811 241 1879 rogatu
268 1806 360 1864 multa
379 1805 464 1864 simul
484 1807 716 1885 comprehendat,
736 1808 816 1886 quod
837 1807 951 1866 scilicet
971 1813 1000 1866 et
1021 1808 1123 1864 satura
1138 1804 1268 1863 carmine

57 1901 152 1958 multa
176 1899 262 1958 simul
288 1893 429 1975 poemata
456 1902 746 1979 conprehenduntur.
787 1901 869 1961 cuius
901 1907 1018 1976 satyrae
1037 1899 1113 1973 legis
1135 1895 1268 1956 Lucilius

57 1994 188 2054 meminit
207 1994 237 2053 in
257 1994 351 2071 primo
371 1995 434 2071 ‘per
454 2003 584 2072 satyram
670 1996 788 2070 legibus
810 1996 942 2054 solvat’.”

136 2091 180 2146 18.
221 2088 337 2147 Nonius
357 2107 386 2164 p.
401 2092 431 2162 5,
453 2091 490 2146 30
516 2088 666 2147 “cinaedi
687 2089 758 2146 dicti
784 2095 852 2146 sunt
871 2088 951 2164 apud
972 2094 1087 2146 veteres
1109 2086 1268 2143 saltatores

57 2184 105 2242 vel
131 2183 312 2258 pantomimi.
407 2181 541 2241 Lucilius
567 2190 730 2257 satyrarum
750 2184 826 2241 lib.1
848 2184 907 2260 (lib.
920 2197 947 2235 rr
964 2177 1080 2253 Iunius)
1106 2177 1206 2237 ‘stulte

57 2277 234 2337 cinaedos’.”

142 2373 185 2428 19.
229 2370 383 2430 Charisius
405 2389 434 2447 p.
452 2374 506 2430 100
528 2370 658 2431 “Canes
689 2371 821 2430 Lucilius
848 2371 943 2448 primo
965 2367 1101 2426 'Inritata
1198 2368 1273 2442 quod

58 2466 175 2543 planius
197 2465 285 2540 dicit’,
306 2482 360 2540 pro
382 2464 492 2524 canis.”
562 2466 646 2525 Idem
662 2486 691 2543 p.
705 2469 758 2526 118
780 2466 940 2542 “Torques
955 2462 1002 2522 bic
1017 2469 1047 2521 et
1061 2462 1134 2520 haec
1148 2468 1269 2535 torques

60 2561 251 2634 nominativo,
275 2567 308 2618 ut
327 2559 374 2619 hic
397 2565 426 2618 et
446 2558 520 2618 baec
542 2578 631 2621 canes
653 2579 672 2620 a
692 2561 808 2620 Lucilio
829 2561 905 2618 libro
925 2558 1019 2633 primo
1040 2557 1135 2616 dictas
1157 2555 1272 2634 (dictem

62 2652 297 2729 Lindemannus)
318 2654 470 2728 legimus.'’
589 2655 702 2714 Nonius
723 2675 752 2732 p.
769 2657 822 2728 31,
842 2656 879 2711 23
907 2651 1048 2711 ‘'Irritore
1136 2651 1270 2709 Lucilius

61 2755 152 2823 satyr.
172 2749 249 2807 lib.1
276 2745 406 2805 ‘inritata
433 2746 558 2822 (irritata
583 2747 846 2824 Guelferbytanus)
872 2767 940 2805 cccc
968 2763 1055 2821 quam
1080 2743 1168 2803 homo
1190 2764 1272 2820 quam

59 2843 178 2919 planius
203 2839 310 2899 dieit'.''
407 2841 546 2900 Donatus
573 2839 612 2899 ad
639 2841 794 2919 Adelphos
821 2840 952 2901 Terentii
972 2858 1003 2914 11,
1022 2840 1042 2896 4
1061 2857 1091 2914 p.
1106 2841 1162 2898 269
1183 2837 1271 2896 “nam

60 2934 170 2994 irritari
190 2933 309 3011 proprie
330 2950 419 2993 canes
435 2934 579 2994 dicuntur.
610 2933 744 2996 Lucilius
767 2938 803 2997 de
817 2938 917 2997 littera
936 2954 950 2993 r
971 2934 1096 2992 ‘irritata
1109 2937 1186 2990 canis
1199 2933 1273 3008 quod

58 3030 145 3088 homo
167 3050 250 3105 quam
269 3028 386 3104 planius
408 3028 548 3106 (plurimo
567 3030 635 3090 clim
656 3031 805 3110 impressi)
827 3031 949 3092 dictat?

138 3127 184 3183 20.
226 3124 341 3182 Nonius
362 3141 390 3201 p.
409 3123 472 3201 lli,
493 3126 529 3183 21
553 3123 737 3201 “Gangrena
757 3133 804 3185 est
824 3142 939 3184 cancer.
960 3125 1105 3182 Lucretius
1125 3122 1206 3197 (olim
1221 3122 1271 3179 im-

57 3220 153 3298 pressi
177 3218 313 3295 Lccc'lius)
336 3226 498 3295 satyrarum
519 3219 593 3278 lib.1
615 3219 745 3296 ‘serpere
766 3221 809 3279 uti
829 3237 983 3296 gangrena
1003 3237 1088 3275 mino
1110 3224 1198 3293 atque
1221 3216 1273 3291 (ad

58 3334 135 3391 quem
158 3313 331 3386 Leidensis)
352 3312 523 3390 herpestica
543 3313 683 3388 posset’.''

135 3411 180 3467 21.
221 3405 337 3466 Nouius
358 3423 387 3479 p.
404 3407 472 3482 159,
493 3407 532 3465 24
557 3406 673 3466 “Priva
694 3407 841 3482 significat
861 3408 985 3483 singula.
1027 3404 1163 3462 Lucilius
1195 3409 1273 3478 saty-

58 3520 155 3562 rarum
180 3501 255 3558 lib.1
278 3498 327 3555 ‘ad
349 3514 470 3556 caenam
559 3505 612 3559 iace
633 3503 784 3560 cddcmtoa
805 3503 970 3578 thyrreni
993 3499 1108 3559 d'abo'.”
1187 3496 1272 3555 Idem

59 3616 87 3675 p.
103 3599 156 3676 3¹5,
178 3598 213 3652 21
246 3590 390 3648 “Privum
417 3583 463 3650 est
486 3595 636 3670 proprium
664 3596 911 3671 uniuscuiusque
1006 3593 1084 3652 idem
1104 3591 1274 3650 ‘abdomina

62 3694 139 3748 tucci
159 3688 244 3765 privo
265 3683 380 3742 dabo’.''
459 3685 574 3745 Gellius
590 3707 620 3764 x,
634 3692 672 3748 20
693 3688 783 3766 “qnia
803 3695 918 3747 veteres
938 3689 1023 3765 priva
1044 3688 1183 3746 dixerunt
1197 3703 1273 3762 quae

59 3802 115 3842 uos
136 3783 255 3856 singula
275 3778 414 3852 dicimus3
435 3797 494 3856 quo
515 3782 606 3842 verbo
626 3782 761 3842 Lucilius
781 3783 812 3839 in
831 3783 926 3858 primo
941 3782 1097 3841 satirarum
1112 3781 1188 3839 libro
1202 3798 1273 3838 usus

61 3884 116 3953 est,
138 3875 309 3936 ‘abdomina
330 3875 425 3950 ripam
513 3876 698 3953 ccpbolcoqae
719 3897 821 3936 acomce
842 3878 936 3954 (corae
956 3875 1103 3952 regius)'.”

144 4060 188 4116 16.
223 4059 300 4132 jacit
319 4054 387 4114 olim
408 4055 540 4114 additum
561 4053 591 4112 in
611 4057 830 4134 exemplaribus
850 4053 1015 4132 impressis.
1188 4095 1193 4105 .

143 4136 189 4192 20.
228 4135 306 4191 mala
334 4132 385 4193 Fr.
412 4133 525 4193 Douse.
637 4133 734 4195 Hadr.
755 4133 859 4192 Iunius
880 4143 963 4208 atque
986 4132 1079 4206 bcrpee
1103 4133 1154 4189 ito.
1190 4131 1275 4191 male.

65 4211 175 4272 Pollux
185 4231 229 4286 nv,
250 4213 311 4298 206Ι
333 4205 517 4306 ἒρπιμτικόν
542 4204 628 4279 {broc
657 4209 776 4287 ἐνοχλεῖ
795 4207 851 4283 μὲν
874 4209 1058 4285 πρεσβυτῶν
1077 4203 1206 4283 κνήμαις
1225 4207 1284 4268 καὶ

65 4287 172 4363 ποσίν,
200 4283 268 4347 ἴσθ’
294 4281 344 4346 ὅτε
370 4285 402 4345 de
428 4286 478 4347 uui
502 4292 613 4363 μηροῖς
638 4286 688 4347 καὶ
710 4287 825 4364 χερσίν·
856 4280 921 4345 ἔστι
948 4281 981 4343 δὲ
1000 4278 1201 4345 ὑποπίλιδνον
1225 4283 1276 4346 καὶ

66 4361 185 4442 νέμεται
206 4362 256 4424 καὶ
277 4362 462 4446 φλεγμαίνει.
1173 4372 1177 4386 “

1027 4455 1077 4523 1*
