<?xml version="1.0" encoding="UTF-8"?>
<!DOCTYPE html PUBLIC "-//W3C//DTD XHTML 1.0 Transitional//EN"
    "http://www.w3.org/TR/xhtml1/DTD/xhtml1-transitional.dtd">
<html xmlns="http://www.w3.org/1999/xhtml" xml:lang="en" lang="en">
 <head>
  <title>
</title>
<meta http-equiv="Content-Type" content="text/html;charset=utf-8" />
  <meta name='ocr-system' content='tesseract 3.04.00' />
  <meta name='ocr-capabilities' content='ocr_page ocr_carea ocr_par ocr_line ocrx_word'/>
</head>
<body>
  <div class='ocr_page' id='page_1' title='image "./saturarum01lucigoog_0058.png"; bbox 0 0 3044 5032; ppageno 0'>
   <div class='ocr_carea' id='block_1_1' title="bbox 257 806 585 874">
    <p class='ocr_par' dir='ltr' id='par_1_1' title="bbox 257 806 585 874">
     <span class='ocr_line' id='line_1_1' title="bbox 257 806 585 874; baseline 0.003 -2"><span class='ocrx_word' id='word_1_1' title='bbox 257 826 372 873; x_wconf 85' lang='lat' dir='ltr'><strong>caseus</strong></span> <span class='ocrx_word' id='word_1_2' title='bbox 397 807 495 872; x_wconf 86' lang='lat' dir='ltr'><strong>alium</strong></span> <span class='ocrx_word' id='word_1_3' title='bbox 518 806 585 874; x_wconf 86' lang='lat' dir='ltr'><strong>olet</strong></span> 
     </span>
    </p>
   </div>
   <div class='ocr_carea' id='block_1_2' title="bbox 405 979 479 1044">
    <p class='ocr_par' dir='ltr' id='par_1_2' title="bbox 405 979 479 1044">
     <span class='ocr_line' id='line_1_2' title="bbox 405 979 479 1044; baseline -0.027 0"><span class='ocrx_word' id='word_1_4' title='bbox 405 979 479 1044; x_wconf 85' lang='lat' dir='ltr'><strong>calx</strong></span> 
     </span>
    </p>
   </div>
   <div class='ocr_carea' id='block_1_3' title="bbox 677 1151 1060 1237">
    <p class='ocr_par' dir='ltr' id='par_1_3' title="bbox 677 1151 1060 1237">
     <span class='ocr_line' id='line_1_3' title="bbox 677 1151 1060 1237; baseline 0.008 -22"><span class='ocrx_word' id='word_1_5' title='bbox 677 1171 866 1236; x_wconf 86' lang='lat' dir='ltr'><strong>maurusque</strong></span> <span class='ocrx_word' id='word_1_6' title='bbox 892 1151 1060 1237; x_wconf 83' lang='lat' dir='ltr'>palumbes</span> 
     </span>
    </p>
   </div>
   <div class='ocr_carea' id='block_1_4' title="bbox 165 1319 1252 1407">
    <p class='ocr_par' dir='ltr' id='par_1_4' title="bbox 165 1319 1252 1407">
     <span class='ocr_line' id='line_1_4' title="bbox 165 1319 1252 1407; baseline 0.001 -22"><span class='ocrx_word' id='word_1_7' title='bbox 165 1325 221 1386; x_wconf 74' lang='grc'><strong>820</strong></span> <span class='ocrx_word' id='word_1_8' title='bbox 257 1319 328 1405; x_wconf 90' lang='lat' dir='ltr'><strong>ipse</strong></span> <span class='ocrx_word' id='word_1_9' title='bbox 350 1321 429 1403; x_wconf 88' lang='lat' dir='ltr'><strong>eeu&#39;,</strong></span> <span class='ocrx_word' id='word_1_10' title='bbox 454 1341 518 1385; x_wconf 87' lang='lat' dir='ltr'><strong>non</strong></span> <span class='ocrx_word' id='word_1_11' title='bbox 541 1320 700 1406; x_wconf 83' lang='lat' dir='ltr'><strong>formosu’,</strong></span> <span class='ocrx_word' id='word_1_12' title='bbox 723 1323 911 1407; x_wconf 83' lang='lat' dir='ltr'><strong>gradarius,</strong></span> <span class='ocrx_word' id='word_1_13' title='bbox 935 1324 1066 1407; x_wconf 87' lang='lat' dir='ltr'><strong>optimu&#39;</strong></span> <span class='ocrx_word' id='word_1_14' title='bbox 1091 1329 1209 1406; x_wconf 83' lang='lat' dir='ltr'><strong>vector,</strong></span> <span class='ocrx_word' id='word_1_15' title='bbox 1248 1352 1252 1357; x_wconf 85' lang='grc'><em>·</em></span> 
     </span>
    </p>
   </div>
   <div class='ocr_carea' id='block_1_5' title="bbox 240 1490 1143 1679">
    <p class='ocr_par' dir='ltr' id='par_1_5' title="bbox 240 1490 1143 1679">
     <span class='ocr_line' id='line_1_5' title="bbox 240 1490 1143 1580; baseline 0.002 -25"><span class='ocrx_word' id='word_1_16' title='bbox 240 1490 384 1563; x_wconf 80' lang='lat' dir='ltr'><strong>,Publiu’</strong></span> <span class='ocrx_word' id='word_1_17' title='bbox 408 1490 509 1557; x_wconf 86' lang='lat' dir='ltr'><strong>Pavu’</strong></span> <span class='ocrx_word' id='word_1_18' title='bbox 533 1492 610 1557; x_wconf 91' lang='lat' dir='ltr'><strong>mihi</strong></span> <span class='ocrx_word' id='word_1_19' title='bbox 635 1491 822 1580; x_wconf 86' lang='lat' dir='ltr'><strong>[tubitanus]</strong></span> <span class='ocrx_word' id='word_1_20' title='bbox 847 1500 999 1577; x_wconf 81' lang='lat' dir='ltr'><strong>quaestor</strong></span> <span class='ocrx_word' id='word_1_21' title='bbox 1021 1493 1143 1559; x_wconf 90' lang='lat' dir='ltr'><strong>Hibera</strong></span> 
     </span>
     <span class='ocr_line' id='line_1_6' title="bbox 260 1591 1107 1679; baseline 0.007 -24"><span class='ocrx_word' id='word_1_22' title='bbox 260 1591 294 1655; x_wconf 92' lang='lat' dir='ltr'><strong>in</strong></span> <span class='ocrx_word' id='word_1_23' title='bbox 315 1597 401 1657; x_wconf 88' lang='lat' dir='ltr'><strong>terra</strong></span> <span class='ocrx_word' id='word_1_24' title='bbox 421 1591 491 1678; x_wconf 86' lang='lat' dir='ltr'><strong>fuit,</strong></span> <span class='ocrx_word' id='word_1_25' title='bbox 514 1593 684 1679; x_wconf 85' lang='lat' dir='ltr'><strong>lucifugus‚</strong></span> <span class='ocrx_word' id='word_1_26' title='bbox 708 1595 823 1661; x_wconf 89' lang='lat' dir='ltr'><strong>nebulo</strong></span> <span class='ocrx_word' id='word_1_27' title='bbox 846 1595 881 1660; x_wconf 92' lang='lat' dir='ltr'><strong>id</strong></span> <span class='ocrx_word' id='word_1_28' title='bbox 903 1596 997 1677; x_wconf 87' lang='lat' dir='ltr'><strong>genu’</strong></span> <span class='ocrx_word' id='word_1_29' title='bbox 1018 1616 1107 1662; x_wconf 89' lang='lat' dir='ltr'><strong>sane.</strong></span> 
     </span>
    </p>
   </div>
   <div class='ocr_carea' id='block_1_6' title="bbox 260 1761 1287 1951">
    <p class='ocr_par' dir='ltr' id='par_1_6' title="bbox 260 1761 1287 1951">
     <span class='ocr_line' id='line_1_7' title="bbox 260 1761 1287 1851; baseline 0.004 -25"><span class='ocrx_word' id='word_1_30' title='bbox 260 1761 337 1826; x_wconf 91' lang='lat' dir='ltr'><strong>idne</strong></span> <span class='ocrx_word' id='word_1_31' title='bbox 359 1783 456 1845; x_wconf 81' lang='lat' dir='ltr'><strong>aegre</strong></span> <span class='ocrx_word' id='word_1_32' title='bbox 479 1769 528 1828; x_wconf 91' lang='lat' dir='ltr'><strong>est</strong></span> <span class='ocrx_word' id='word_1_33' title='bbox 549 1763 662 1847; x_wconf 87' lang='lat' dir='ltr'><strong>magis,</strong></span> <span class='ocrx_word' id='word_1_34' title='bbox 687 1784 730 1829; x_wconf 87' lang='lat' dir='ltr'><strong>an</strong></span> <span class='ocrx_word' id='word_1_35' title='bbox 753 1764 840 1848; x_wconf 89' lang='lat' dir='ltr'><strong>quod</strong></span> <span class='ocrx_word' id='word_1_36' title='bbox 863 1785 949 1849; x_wconf 88' lang='lat' dir='ltr'><strong>pane</strong></span> <span class='ocrx_word' id='word_1_37' title='bbox 972 1771 1004 1830; x_wconf 95' lang='lat' dir='ltr'><strong>et</strong></span> <span class='ocrx_word' id='word_1_38' title='bbox 1024 1766 1149 1832; x_wconf 76' lang='lat' dir='ltr'><strong>viscere</strong></span> <span class='ocrx_word' id='word_1_39' title='bbox 1172 1765 1287 1851; x_wconf 83' lang='lat' dir='ltr'><strong>privo?</strong></span> 
     </span>
     <span class='ocr_line' id='line_1_8' title="bbox 262 1864 1273 1951; baseline 0.004 -23"><span class='ocrx_word' id='word_1_40' title='bbox 262 1864 360 1948; x_wconf 77' lang='lat' dir='ltr'><strong>‘quud</strong></span> <span class='ocrx_word' id='word_1_41' title='bbox 381 1866 489 1932; x_wconf 85' lang='lat' dir='ltr'><strong>viscus</strong></span> <span class='ocrx_word' id='word_1_42' title='bbox 512 1866 650 1932; x_wconf 88' lang='lat' dir='ltr'><strong>dederas</strong></span> <span class='ocrx_word' id='word_1_43' title='bbox 672 1872 717 1943; x_wconf 85' lang='lat' dir='ltr'><strong>tu,</strong></span> <span class='ocrx_word' id='word_1_44' title='bbox 740 1866 834 1950; x_wconf 87' lang='lat' dir='ltr'><strong>idem,</strong></span> <span class='ocrx_word' id='word_1_45' title='bbox 857 1866 919 1931; x_wconf 88' lang='lat' dir='ltr'><strong>huc</strong></span> <span class='ocrx_word' id='word_1_46' title='bbox 941 1874 989 1933; x_wconf 93' lang='lat' dir='ltr'><strong>est</strong></span> <span class='ocrx_word' id='word_1_47' title='bbox 1011 1868 1146 1951; x_wconf 87' lang='lat' dir='ltr'><strong>viscera,</strong></span> <span class='ocrx_word' id='word_1_48' title='bbox 1170 1867 1273 1951; x_wconf 84' lang='lat' dir='ltr'><strong>largi’</strong></span> 
     </span>
    </p>
   </div>
   <div class='ocr_carea' id='block_1_7' title="bbox 151 2119 1368 4079">
    <p class='ocr_par' dir='ltr' id='par_1_7' title="bbox 154 2119 1364 2389">
     <span class='ocr_line' id='line_1_9' title="bbox 230 2119 1364 2197; baseline -0.001 -16"><span class='ocrx_word' id='word_1_49' title='bbox 230 2119 296 2182; x_wconf 70' lang='lat'><strong>387.</strong></span> <span class='ocrx_word' id='word_1_50' title='bbox 339 2119 494 2180; x_wconf 77' lang='lat' dir='ltr'>Charisius</span> <span class='ocrx_word' id='word_1_51' title='bbox 515 2139 544 2197; x_wconf 93' lang='lat' dir='ltr'><strong>p.</strong></span> <span class='ocrx_word' id='word_1_52' title='bbox 562 2123 598 2179; x_wconf 90' lang='grc'><strong>60</strong></span> <span class='ocrx_word' id='word_1_53' title='bbox 619 2119 757 2180; x_wconf 83' lang='lat' dir='ltr'><strong>“Caseus</strong></span> <span class='ocrx_word' id='word_1_54' title='bbox 784 2123 938 2182; x_wconf 83' lang='lat' dir='ltr'><strong>masculini</strong></span> <span class='ocrx_word' id='word_1_55' title='bbox 965 2124 1082 2197; x_wconf 85' lang='lat' dir='ltr'><strong>generis</strong></span> <span class='ocrx_word' id='word_1_56' title='bbox 1108 2130 1163 2183; x_wconf 87' lang='lat' dir='ltr'><strong>est.</strong></span> <span class='ocrx_word' id='word_1_57' title='bbox 1252 2130 1282 2182; x_wconf 88' lang='lat' dir='ltr'><strong>et</strong></span> <span class='ocrx_word' id='word_1_58' title='bbox 1302 2124 1364 2181; x_wconf 89' lang='lat' dir='ltr'><strong>Lu·</strong></span> 
     </span>
     <span class='ocr_line' id='line_1_10' title="bbox 154 2213 1363 2292; baseline -0.002 -14"><span class='ocrx_word' id='word_1_59' title='bbox 154 2217 238 2279; x_wconf 92' lang='lat' dir='ltr'><strong>cilius</strong></span> <span class='ocrx_word' id='word_1_60' title='bbox 259 2216 289 2275; x_wconf 92' lang='lat' dir='ltr'><strong>in</strong></span> <span class='ocrx_word' id='word_1_61' title='bbox 310 2214 424 2273; x_wconf 86' lang='lat' dir='ltr'><strong>decimo</strong></span> <span class='ocrx_word' id='word_1_62' title='bbox 445 2220 550 2291; x_wconf 87' lang='lat' dir='ltr'><strong>quarto</strong></span> <span class='ocrx_word' id='word_1_63' title='bbox 571 2213 686 2274; x_wconf 82' lang='lat' dir='ltr'><strong>‘caseus</strong></span> <span class='ocrx_word' id='word_1_64' title='bbox 708 2215 796 2274; x_wconf 89' lang='lat' dir='ltr'><strong>alium</strong></span> <span class='ocrx_word' id='word_1_65' title='bbox 818 2216 847 2274; x_wconf 88' lang='lat' dir='ltr'><strong>ul</strong></span> <span class='ocrx_word' id='word_1_66' title='bbox 862 2261 868 2274; x_wconf 93' lang='lat'><strong>.</strong></span> <span class='ocrx_word' id='word_1_67' title='bbox 882 2263 888 2276; x_wconf 91' lang='lat'><strong>.</strong></span> <span class='ocrx_word' id='word_1_68' title='bbox 901 2217 916 2274; x_wconf 86' lang='lat'><strong>.&#39;</strong></span> <span class='ocrx_word' id='word_1_69' title='bbox 937 2216 993 2292; x_wconf 88' lang='lat' dir='ltr'><strong>(sic</strong></span> <span class='ocrx_word' id='word_1_70' title='bbox 1016 2217 1253 2276; x_wconf 86' lang='lat' dir='ltr'><strong>Lindemannus:</strong></span> <span class='ocrx_word' id='word_1_71' title='bbox 1274 2217 1363 2276; x_wconf 87' lang='lat' dir='ltr'><strong>editio</strong></span> 
     </span>
     <span class='ocr_line' id='line_1_11' title="bbox 155 2308 593 2389; baseline -0.011 -19"><span class='ocrx_word' id='word_1_72' title='bbox 155 2311 250 2389; x_wconf 85' lang='lat' dir='ltr'><strong>prima</strong></span> <span class='ocrx_word' id='word_1_73' title='bbox 270 2327 364 2368; x_wconf 74' lang='lat' dir='ltr'><strong>cusan</strong></span> <span class='ocrx_word' id='word_1_74' title='bbox 382 2308 432 2366; x_wconf 84' lang='lat' dir='ltr'><strong>ula</strong></span> <span class='ocrx_word' id='word_1_75' title='bbox 451 2308 593 2383; x_wconf 82' lang='lat' dir='ltr'><strong>molliet).&#39;&#39;</strong></span> 
     </span>
    </p>

    <p class='ocr_par' dir='ltr' id='par_1_8' title="bbox 153 2400 1368 2669">
     <span class='ocr_line' id='line_1_12' title="bbox 231 2400 1368 2482; baseline 0.001 -18"><span class='ocrx_word' id='word_1_76' title='bbox 231 2405 298 2464; x_wconf 86' lang='lat'><strong>388.</strong></span> <span class='ocrx_word' id='word_1_77' title='bbox 340 2400 493 2461; x_wconf 81' lang='lat' dir='ltr'><strong>Charisius</strong></span> <span class='ocrx_word' id='word_1_78' title='bbox 514 2421 542 2479; x_wconf 89' lang='lat' dir='ltr'><strong>p.</strong></span> <span class='ocrx_word' id='word_1_79' title='bbox 559 2401 595 2461; x_wconf 77' lang='grc'><strong>72</strong></span> <span class='ocrx_word' id='word_1_80' title='bbox 617 2402 720 2463; x_wconf 79' lang='lat' dir='ltr'><strong>“Galx</strong></span> <span class='ocrx_word' id='word_1_81' title='bbox 740 2402 840 2479; x_wconf 84' lang='lat' dir='ltr'><strong>igitur,</strong></span> <span class='ocrx_word' id='word_1_82' title='bbox 867 2403 930 2463; x_wconf 84' lang='lat' dir='ltr'><strong>sire</strong></span> <span class='ocrx_word' id='word_1_83' title='bbox 955 2420 1014 2480; x_wconf 85' lang='lat' dir='ltr'><strong>qua</strong></span> <span class='ocrx_word' id='word_1_84' title='bbox 1033 2404 1197 2480; x_wconf 86' lang='lat' dir='ltr'><strong>calcamus,</strong></span> <span class='ocrx_word' id='word_1_85' title='bbox 1224 2406 1286 2464; x_wconf 87' lang='lat' dir='ltr'><strong>sire</strong></span> <span class='ocrx_word' id='word_1_86' title='bbox 1308 2423 1368 2482; x_wconf 88' lang='lat' dir='ltr'><strong>qua</strong></span> 
     </span>
     <span class='ocr_line' id='line_1_13' title="bbox 154 2494 1365 2573; baseline -0.005 -12"><span class='ocrx_word' id='word_1_87' title='bbox 154 2498 357 2570; x_wconf 87' lang='lat' dir='ltr'><strong>aedificamus,</strong></span> <span class='ocrx_word' id='word_1_88' title='bbox 380 2495 510 2555; x_wconf 86' lang='lat' dir='ltr'><strong>seminini</strong></span> <span class='ocrx_word' id='word_1_89' title='bbox 530 2497 649 2568; x_wconf 88' lang='lat' dir='ltr'><strong>generis</strong></span> <span class='ocrx_word' id='word_1_90' title='bbox 670 2504 727 2570; x_wconf 86' lang='lat' dir='ltr'><strong>est,</strong></span> <span class='ocrx_word' id='word_1_91' title='bbox 747 2504 780 2555; x_wconf 91' lang='lat' dir='ltr'><strong>ut</strong></span> <span class='ocrx_word' id='word_1_92' title='bbox 799 2505 830 2556; x_wconf 86' lang='lat' dir='ltr'><strong>et</strong></span> <span class='ocrx_word' id='word_1_93' title='bbox 848 2497 996 2573; x_wconf 83' lang='lat' dir='ltr'><strong>Virgilius</strong></span> <span class='ocrx_word' id='word_1_94' title='bbox 1018 2494 1059 2556; x_wconf 88' lang='lat' dir='ltr'><strong>alt</strong></span> <span class='ocrx_word' id='word_1_95' title='bbox 1079 2497 1200 2559; x_wconf 85' lang='lat' dir='ltr'><strong>‘ferrata</strong></span> <span class='ocrx_word' id='word_1_96' title='bbox 1221 2499 1303 2558; x_wconf 90' lang='lat' dir='ltr'><strong>calce</strong></span> <span class='ocrx_word' id='word_1_97' title='bbox 1322 2498 1336 2555; x_wconf 84' lang='lat' dir='ltr'><strong>f</strong></span> <span class='ocrx_word' id='word_1_98' title='bbox 1354 2529 1365 2542; x_wconf 88' lang='lat'><em>-</em></span> 
     </span>
     <span class='ocr_line' id='line_1_14' title="bbox 153 2584 1076 2669; baseline -0.003 -16"><span class='ocrx_word' id='word_1_99' title='bbox 153 2584 255 2669; x_wconf 78' lang='lat' dir='ltr'><strong>tigat&#39;.</strong></span> <span class='ocrx_word' id='word_1_100' title='bbox 296 2590 350 2650; x_wconf 90' lang='lat' dir='ltr'><strong>sed</strong></span> <span class='ocrx_word' id='word_1_101' title='bbox 370 2597 400 2648; x_wconf 93' lang='lat' dir='ltr'><strong>et</strong></span> <span class='ocrx_word' id='word_1_102' title='bbox 420 2589 552 2648; x_wconf 76' lang='lat' dir='ltr'><strong>Lucilius</strong></span> <span class='ocrx_word' id='word_1_103' title='bbox 572 2608 638 2647; x_wconf 89' lang='lat' dir='ltr'><strong>xnu</strong></span> <span class='ocrx_word' id='word_1_104' title='bbox 658 2591 823 2650; x_wconf 84' lang='lat' dir='ltr'><strong>masculino</strong></span> <span class='ocrx_word' id='word_1_105' title='bbox 844 2607 952 2665; x_wconf 86' lang='lat' dir='ltr'><strong>genere</strong></span> <span class='ocrx_word' id='word_1_106' title='bbox 973 2591 1076 2650; x_wconf 88' lang='lat' dir='ltr'><strong>dixit.”</strong></span> 
     </span>
    </p>

    <p class='ocr_par' dir='ltr' id='par_1_9' title="bbox 153 2682 1368 3135">
     <span class='ocr_line' id='line_1_15' title="bbox 233 2682 1368 2760; baseline -0.001 -15"><span class='ocrx_word' id='word_1_107' title='bbox 233 2687 299 2745; x_wconf 87' lang='grc'><strong>389.</strong></span> <span class='ocrx_word' id='word_1_108' title='bbox 342 2682 496 2743; x_wconf 84' lang='lat' dir='ltr'><strong>Charisius</strong></span> <span class='ocrx_word' id='word_1_109' title='bbox 521 2700 551 2758; x_wconf 90' lang='lat' dir='ltr'><strong>p.</strong></span> <span class='ocrx_word' id='word_1_110' title='bbox 565 2684 602 2741; x_wconf 93' lang='grc'><strong>82</strong></span> <span class='ocrx_word' id='word_1_111' title='bbox 627 2682 793 2742; x_wconf 82' lang='lat' dir='ltr'><strong>“Palumbes</strong></span> <span class='ocrx_word' id='word_1_112' title='bbox 819 2683 964 2758; x_wconf 86' lang='lat' dir='ltr'><strong>Virgilius</strong></span> <span class='ocrx_word' id='word_1_113' title='bbox 992 2685 1130 2743; x_wconf 82' lang='lat' dir='ltr'><strong>feminino</strong></span> <span class='ocrx_word' id='word_1_114' title='bbox 1156 2704 1265 2760; x_wconf 87' lang='lat' dir='ltr'><strong>genere</strong></span> <span class='ocrx_word' id='word_1_115' title='bbox 1292 2685 1368 2744; x_wconf 83' lang='lat' dir='ltr'><strong>dixit</strong></span> 
     </span>
     <span class='ocr_line' id='line_1_16' title="bbox 218 2775 1368 2851; baseline -0.005 -10.316"><span class='ocrx_word' id='word_1_116' title='bbox 218 2780 273 2840; x_wconf 91' lang='lat' dir='ltr'><strong>sed</strong></span> <span class='ocrx_word' id='word_1_117' title='bbox 294 2776 427 2838; x_wconf 90' lang='lat' dir='ltr'><strong>Lucilius</strong></span> <span class='ocrx_word' id='word_1_118' title='bbox 448 2795 501 2833; x_wconf 87' lang='lat' dir='ltr'><strong>xrv</strong></span> <span class='ocrx_word' id='word_1_119' title='bbox 521 2776 681 2834; x_wconf 81' lang='lat' dir='ltr'><strong>masculine</strong></span> <span class='ocrx_word' id='word_1_120' title='bbox 703 2775 888 2851; x_wconf 84' lang='lat' dir='ltr'><strong>‘maurosque</strong></span> <span class='ocrx_word' id='word_1_121' title='bbox 903 2778 1068 2851; x_wconf 81' lang='lat' dir='ltr'><strong>palumboc’.</strong></span> <span class='ocrx_word' id='word_1_122' title='bbox 1105 2779 1201 2837; x_wconf 85' lang='lat' dir='ltr'><strong>Varro</strong></span> <span class='ocrx_word' id='word_1_123' title='bbox 1221 2786 1317 2839; x_wconf 89' lang='lat' dir='ltr'><strong>autem</strong></span> <span class='ocrx_word' id='word_1_124' title='bbox 1338 2779 1368 2835; x_wconf 93' lang='lat' dir='ltr'><strong>in</strong></span> 
     </span>
     <span class='ocr_line' id='line_1_17' title="bbox 154 2869 1367 2949; baseline -0.003 -15"><span class='ocrx_word' id='word_1_125' title='bbox 154 2872 272 2935; x_wconf 83' lang='lat' dir='ltr'><strong>Scauro</strong></span> <span class='ocrx_word' id='word_1_126' title='bbox 287 2873 415 2949; x_wconf 79' lang='lat' dir='ltr'><strong>palumbi</strong></span> <span class='ocrx_word' id='word_1_127' title='bbox 435 2870 515 2944; x_wconf 89' lang='lat' dir='ltr'><strong>dicit,</strong></span> <span class='ocrx_word' id='word_1_128' title='bbox 538 2869 616 2945; x_wconf 90' lang='lat' dir='ltr'><strong>quud</strong></span> <span class='ocrx_word' id='word_1_129' title='bbox 638 2869 821 2927; x_wconf 89' lang='lat' dir='ltr'><strong>consuetudo</strong></span> <span class='ocrx_word' id='word_1_130' title='bbox 843 2887 960 2945; x_wconf 86' lang='lat' dir='ltr'><strong>quoque</strong></span> <span class='ocrx_word' id='word_1_131' title='bbox 982 2871 1164 2946; x_wconf 85' lang='lat' dir='ltr'><strong>usurpavit.&#39;’</strong></span> <span class='ocrx_word' id='word_1_132' title='bbox 1252 2872 1367 2931; x_wconf 91' lang='lat' dir='ltr'><strong>Nonius</strong></span> 
     </span>
     <span class='ocr_line' id='line_1_18' title="bbox 153 2961 1366 3047; baseline -0.004 -19"><span class='ocrx_word' id='word_1_133' title='bbox 153 2987 184 3047; x_wconf 88' lang='lat' dir='ltr'><strong>p.</strong></span> <span class='ocrx_word' id='word_1_134' title='bbox 198 2970 266 3043; x_wconf 81' lang='lat'><strong>219,</strong></span> <span class='ocrx_word' id='word_1_135' title='bbox 281 2969 298 3027; x_wconf 88' lang='grc'>6</span> <span class='ocrx_word' id='word_1_136' title='bbox 319 2965 470 3024; x_wconf 79' lang='lat' dir='ltr'><strong>“Palumbi</strong></span> <span class='ocrx_word' id='word_1_137' title='bbox 490 2964 639 3022; x_wconf 87' lang='lat' dir='ltr'><strong>feminino.</strong></span> <span class='ocrx_word' id='word_1_138' title='bbox 670 2961 755 3038; x_wconf 89' lang='lat' dir='ltr'><strong>Virg.</strong></span> <span class='ocrx_word' id='word_1_139' title='bbox 771 2962 799 3021; x_wconf 93' lang='lat' dir='ltr'><strong>in</strong></span> <span class='ocrx_word' id='word_1_140' title='bbox 821 2963 964 3022; x_wconf 91' lang='lat' dir='ltr'><strong>bucolicis</strong></span> <span class='ocrx_word' id='word_1_141' title='bbox 980 2965 1200 3040; x_wconf 83' lang='lat' dir='ltr'><strong>...palumbes</strong></span> <span class='ocrx_word' id='word_1_142' title='bbox 1232 2964 1366 3023; x_wconf 90' lang='lat' dir='ltr'><strong>Lucilius</strong></span> 
     </span>
     <span class='ocr_line' id='line_1_19' title="bbox 153 3057 705 3135; baseline -0.011 -15"><span class='ocrx_word' id='word_1_143' title='bbox 153 3062 208 3122; x_wconf 93' lang='lat' dir='ltr'><strong>lib.</strong></span> <span class='ocrx_word' id='word_1_144' title='bbox 222 3079 288 3119; x_wconf 87' lang='lat' dir='ltr'><strong>xnrr</strong></span> <span class='ocrx_word' id='word_1_145' title='bbox 308 3059 492 3134; x_wconf 83' lang='lat' dir='ltr'><strong>‘maurosque</strong></span> <span class='ocrx_word' id='word_1_146' title='bbox 513 3057 705 3135; x_wconf 84' lang='lat' dir='ltr'><strong>palumbes’.”</strong></span> 
     </span>
    </p>

    <p class='ocr_par' dir='ltr' id='par_1_10' title="bbox 151 3149 1366 3402">
     <span class='ocr_line' id='line_1_20' title="bbox 234 3149 1365 3229; baseline -0.002 -15"><span class='ocrx_word' id='word_1_147' title='bbox 234 3157 299 3214; x_wconf 85' lang='lat'><strong>390.</strong></span> <span class='ocrx_word' id='word_1_148' title='bbox 339 3153 456 3214; x_wconf 90' lang='lat' dir='ltr'><strong>Nonius</strong></span> <span class='ocrx_word' id='word_1_149' title='bbox 478 3171 507 3229; x_wconf 88' lang='lat' dir='ltr'><strong>p.</strong></span> <span class='ocrx_word' id='word_1_150' title='bbox 523 3149 569 3225; x_wconf 81' lang='lat' dir='ltr'><strong>ll,</strong></span> <span class='ocrx_word' id='word_1_151' title='bbox 586 3152 625 3209; x_wconf 89' lang='grc'><strong>24</strong></span> <span class='ocrx_word' id='word_1_152' title='bbox 645 3150 830 3211; x_wconf 79' lang='lat' dir='ltr'><strong>“Gradarius</strong></span> <span class='ocrx_word' id='word_1_153' title='bbox 857 3158 903 3211; x_wconf 89' lang='lat' dir='ltr'><strong>est</strong></span> <span class='ocrx_word' id='word_1_154' title='bbox 928 3153 1007 3212; x_wconf 87' lang='lat' dir='ltr'><strong>molli</strong></span> <span class='ocrx_word' id='word_1_155' title='bbox 1033 3153 1129 3229; x_wconf 84' lang='lat' dir='ltr'><strong>gradu</strong></span> <span class='ocrx_word' id='word_1_156' title='bbox 1155 3158 1185 3212; x_wconf 88' lang='lat' dir='ltr'><strong>et</strong></span> <span class='ocrx_word' id='word_1_157' title='bbox 1211 3151 1273 3210; x_wconf 90' lang='lat' dir='ltr'><strong>sine</strong></span> <span class='ocrx_word' id='word_1_158' title='bbox 1301 3171 1365 3212; x_wconf 90' lang='lat' dir='ltr'><strong>suc·</strong></span> 
     </span>
     <span class='ocr_line' id='line_1_21' title="bbox 154 3245 1366 3325; baseline -0.001 -17"><span class='ocrx_word' id='word_1_159' title='bbox 154 3254 311 3308; x_wconf 84' lang='lat' dir='ltr'><strong>cussatura</strong></span> <span class='ocrx_word' id='word_1_160' title='bbox 331 3249 448 3308; x_wconf 78' lang='lat' dir='ltr'><strong>nitenS.</strong></span> <span class='ocrx_word' id='word_1_161' title='bbox 491 3246 624 3305; x_wconf 89' lang='lat' dir='ltr'><strong>Lucilius</strong></span> <span class='ocrx_word' id='word_1_162' title='bbox 652 3254 817 3305; x_wconf 87' lang='lat' dir='ltr'><strong>saturarum</strong></span> <span class='ocrx_word' id='word_1_163' title='bbox 837 3245 886 3304; x_wconf 92' lang='lat' dir='ltr'><strong>lib.</strong></span> <span class='ocrx_word' id='word_1_164' title='bbox 902 3265 968 3303; x_wconf 88' lang='lat' dir='ltr'><strong>xrnr</strong></span> <span class='ocrx_word' id='word_1_165' title='bbox 992 3245 1065 3323; x_wconf 83' lang='lat' dir='ltr'><strong>‘ipse</strong></span> <span class='ocrx_word' id='word_1_166' title='bbox 1092 3265 1161 3306; x_wconf 90' lang='lat' dir='ltr'><strong>ecus</strong></span> <span class='ocrx_word' id='word_1_167' title='bbox 1237 3247 1366 3325; x_wconf 87' lang='lat' dir='ltr'><strong>optimus</strong></span> 
     </span>
     <span class='ocr_line' id='line_1_22' title="bbox 151 3342 309 3402; baseline -0.006 -1"><span class='ocrx_word' id='word_1_168' title='bbox 151 3342 309 3402; x_wconf 79' lang='lat' dir='ltr'><strong>vrcron&#39;.&#39;&#39;</strong></span> 
     </span>
    </p>

    <p class='ocr_par' dir='ltr' id='par_1_11' title="bbox 154 3431 1367 3700">
     <span class='ocr_line' id='line_1_23' title="bbox 232 3431 1367 3511; baseline -0.001 -16"><span class='ocrx_word' id='word_1_169' title='bbox 232 3437 297 3496; x_wconf 80' lang='lat'><strong>391.</strong></span> <span class='ocrx_word' id='word_1_170' title='bbox 337 3435 453 3495; x_wconf 88' lang='lat' dir='ltr'><strong>Nonius</strong></span> <span class='ocrx_word' id='word_1_171' title='bbox 472 3453 501 3511; x_wconf 88' lang='lat' dir='ltr'><strong>p.</strong></span> <span class='ocrx_word' id='word_1_172' title='bbox 519 3435 566 3506; x_wconf 87' lang='lat'><strong>18,</strong></span> <span class='ocrx_word' id='word_1_173' title='bbox 583 3434 621 3491; x_wconf 88' lang='grc'><strong>32</strong></span> <span class='ocrx_word' id='word_1_174' title='bbox 642 3431 836 3492; x_wconf 84' lang='lat' dir='ltr'><strong>“Nebulones</strong></span> <span class='ocrx_word' id='word_1_175' title='bbox 853 3439 884 3491; x_wconf 90' lang='lat' dir='ltr'><strong>et</strong></span> <span class='ocrx_word' id='word_1_176' title='bbox 903 3433 1093 3493; x_wconf 91' lang='lat' dir='ltr'><strong>tenebriones</strong></span> <span class='ocrx_word' id='word_1_177' title='bbox 1108 3432 1260 3493; x_wconf 88' lang='lat' dir='ltr'><strong>...Lucil</strong></span> <span class='ocrx_word' id='word_1_178' title='bbox 1278 3440 1367 3510; x_wconf 82' lang='lat' dir='ltr'><strong>satyr.</strong></span> 
     </span>
     <span class='ocr_line' id='line_1_24' title="bbox 154 3525 1366 3606; baseline -0.002 -16"><span class='ocrx_word' id='word_1_179' title='bbox 154 3529 207 3590; x_wconf 92' lang='lat' dir='ltr'><strong>lib.</strong></span> <span class='ocrx_word' id='word_1_180' title='bbox 223 3548 289 3586; x_wconf 86' lang='lat' dir='ltr'><strong>xrrn</strong></span> <span class='ocrx_word' id='word_1_181' title='bbox 316 3527 457 3590; x_wconf 89' lang='lat' dir='ltr'><strong>‘Publius</strong></span> <span class='ocrx_word' id='word_1_182' title='bbox 483 3544 580 3606; x_wconf 88' lang='lat' dir='ltr'><strong>pavus</strong></span> <span class='ocrx_word' id='word_1_183' title='bbox 608 3525 677 3585; x_wconf 91' lang='lat' dir='ltr'><strong>mihi</strong></span> <span class='ocrx_word' id='word_1_184' title='bbox 705 3527 856 3586; x_wconf 87' lang='lat' dir='ltr'><strong>tubitanus</strong></span> <span class='ocrx_word' id='word_1_185' title='bbox 883 3527 1054 3600; x_wconf 75' lang='lat' dir='ltr'><strong>(turbbtunus</strong></span> <span class='ocrx_word' id='word_1_186' title='bbox 1077 3526 1234 3588; x_wconf 88' lang='lat' dir='ltr'><strong>Leidensis</strong></span> <span class='ocrx_word' id='word_1_187' title='bbox 1261 3529 1366 3605; x_wconf 86' lang='lat' dir='ltr'><strong>codex,</strong></span> 
     </span>
     <span class='ocr_line' id='line_1_25' title="bbox 155 3620 740 3700; baseline -0.01 -17"><span class='ocrx_word' id='word_1_188' title='bbox 155 3624 299 3683; x_wconf 69' lang='lat' dir='ltr'><strong>cubitum</strong></span> <span class='ocrx_word' id='word_1_189' title='bbox 318 3621 395 3682; x_wconf 87' lang='lat' dir='ltr'><strong>olim</strong></span> <span class='ocrx_word' id='word_1_190' title='bbox 407 3622 556 3700; x_wconf 84' lang='lat' dir='ltr'><strong>impressi)</strong></span> <span class='ocrx_word' id='word_1_191' title='bbox 572 3665 617 3680; x_wconf 93' lang='lat'><strong>...</strong></span> <span class='ocrx_word' id='word_1_192' title='bbox 633 3620 740 3679; x_wconf 84' lang='lat' dir='ltr'><strong>sane&#39;.’&#39;</strong></span> 
     </span>
    </p>

    <p class='ocr_par' dir='ltr' id='par_1_12' title="bbox 154 3711 1367 4079">
     <span class='ocr_line' id='line_1_26' title="bbox 192 3711 1301 3792; baseline -0.003 -14"><span class='ocrx_word' id='word_1_193' title='bbox 192 3714 195 3721; x_wconf 76' lang='grc'><em>’</em></span> <span class='ocrx_word' id='word_1_194' title='bbox 235 3719 301 3778; x_wconf 87' lang='grc'>393.</span> <span class='ocrx_word' id='word_1_195' title='bbox 341 3717 459 3777; x_wconf 88' lang='lat' dir='ltr'><strong>Nonius</strong></span> <span class='ocrx_word' id='word_1_196' title='bbox 479 3735 508 3792; x_wconf 90' lang='lat' dir='ltr'><strong>p.</strong></span> <span class='ocrx_word' id='word_1_197' title='bbox 525 3715 589 3788; x_wconf 86' lang='grc'><strong>184,</strong></span> <span class='ocrx_word' id='word_1_198' title='bbox 607 3711 641 3773; x_wconf 80' lang='lat' dir='ltr'><strong>ll</strong></span> <span class='ocrx_word' id='word_1_199' title='bbox 663 3713 794 3773; x_wconf 85' lang='lat' dir='ltr'><strong>“Viscus</strong></span> <span class='ocrx_word' id='word_1_200' title='bbox 815 3713 943 3790; x_wconf 87' lang='lat' dir='ltr'><strong>positum</strong></span> <span class='ocrx_word' id='word_1_201' title='bbox 963 3730 1019 3789; x_wconf 92' lang='lat' dir='ltr'><strong>pro</strong></span> <span class='ocrx_word' id='word_1_202' title='bbox 1033 3714 1146 3774; x_wconf 85' lang='lat' dir='ltr'><strong>viscere</strong></span> <span class='ocrx_word' id='word_1_203' title='bbox 1163 3719 1301 3785; x_wconf 76' lang='lat' dir='ltr'><strong>(uacua).</strong></span> 
     </span>
     <span class='ocr_line' id='line_1_27' title="bbox 155 3806 1306 3888; baseline -0.004 -17"><span class='ocrx_word' id='word_1_204' title='bbox 155 3811 290 3872; x_wconf 89' lang='lat' dir='ltr'><strong>Lucilius</strong></span> <span class='ocrx_word' id='word_1_205' title='bbox 311 3817 475 3888; x_wconf 87' lang='lat' dir='ltr'><strong>satyrarum</strong></span> <span class='ocrx_word' id='word_1_206' title='bbox 498 3809 548 3869; x_wconf 92' lang='lat' dir='ltr'><strong>lib.</strong></span> <span class='ocrx_word' id='word_1_207' title='bbox 564 3826 630 3864; x_wconf 85' lang='lat' dir='ltr'><strong>xnn</strong></span> <span class='ocrx_word' id='word_1_208' title='bbox 651 3807 729 3866; x_wconf 88' lang='lat' dir='ltr'><strong>‘idne</strong></span> <span class='ocrx_word' id='word_1_209' title='bbox 750 3825 845 3864; x_wconf 79' lang='lat' dir='ltr'><strong>nnunr</strong></span> <span class='ocrx_word' id='word_1_210' title='bbox 866 3813 971 3865; x_wconf 89' lang='lat' dir='ltr'><strong>est...</strong></span> <span class='ocrx_word' id='word_1_211' title='bbox 988 3806 1114 3869; x_wconf 84' lang='lat' dir='ltr'><strong>dederas</strong></span> <span class='ocrx_word' id='word_1_212' title='bbox 1136 3814 1168 3868; x_wconf 90' lang='lat' dir='ltr'><strong>tu</strong></span> <span class='ocrx_word' id='word_1_213' title='bbox 1186 3827 1306 3869; x_wconf 78' lang='lat' dir='ltr'><strong>nuruum</strong></span> 
     </span>
     <span class='ocr_line' id='line_1_28' title="bbox 154 3899 1367 3982; baseline -0.008 -17"><span class='ocrx_word' id='word_1_214' title='bbox 154 3905 269 3982; x_wconf 85' lang='lat' dir='ltr'><strong>lurgi’.’&#39;</strong></span> <span class='ocrx_word' id='word_1_215' title='bbox 370 3904 455 3965; x_wconf 90' lang='lat' dir='ltr'><strong>Idem</strong></span> <span class='ocrx_word' id='word_1_216' title='bbox 482 3921 511 3979; x_wconf 92' lang='lat' dir='ltr'><strong>p.</strong></span> <span class='ocrx_word' id='word_1_217' title='bbox 524 3899 592 3977; x_wconf 77' lang='lat' dir='ltr'><strong>lte,</strong></span> <span class='ocrx_word' id='word_1_218' title='bbox 615 3901 654 3959; x_wconf 86' lang='grc'><strong>24</strong></span> <span class='ocrx_word' id='word_1_219' title='bbox 679 3899 803 3977; x_wconf 81' lang='lat' dir='ltr'><strong>“Largi</strong></span> <span class='ocrx_word' id='word_1_220' title='bbox 827 3918 883 3978; x_wconf 86' lang='lat' dir='ltr'><strong>pru</strong></span> <span class='ocrx_word' id='word_1_221' title='bbox 909 3901 1037 3977; x_wconf 86' lang='lat' dir='ltr'><strong>largire.</strong></span> <span class='ocrx_word' id='word_1_222' title='bbox 1072 3901 1205 3960; x_wconf 90' lang='lat' dir='ltr'><strong>Lucilius</strong></span> <span class='ocrx_word' id='word_1_223' title='bbox 1232 3901 1283 3959; x_wconf 91' lang='lat' dir='ltr'><strong>lib.</strong></span> <span class='ocrx_word' id='word_1_224' title='bbox 1299 3917 1367 3955; x_wconf 88' lang='lat' dir='ltr'><strong>xnn</strong></span> 
     </span>
     <span class='ocr_line' id='line_1_29' title="bbox 156 3994 798 4079; baseline -0.012 -20"><span class='ocrx_word' id='word_1_225' title='bbox 156 3999 250 4079; x_wconf 86' lang='lat' dir='ltr'><strong>‘quod</strong></span> <span class='ocrx_word' id='word_1_226' title='bbox 271 3999 369 4059; x_wconf 88' lang='lat' dir='ltr'><strong>riscus</strong></span> <span class='ocrx_word' id='word_1_227' title='bbox 386 4003 473 4057; x_wconf 89' lang='lat' dir='ltr'><strong>...tu</strong></span> <span class='ocrx_word' id='word_1_228' title='bbox 495 4013 613 4056; x_wconf 80' lang='lat' dir='ltr'><strong>nuruum</strong></span> <span class='ocrx_word' id='word_1_229' title='bbox 628 4039 635 4053; x_wconf 92' lang='lat'><strong>.</strong></span> <span class='ocrx_word' id='word_1_230' title='bbox 648 4038 654 4052; x_wconf 94' lang='lat'><strong>.</strong></span> <span class='ocrx_word' id='word_1_231' title='bbox 668 4038 674 4052; x_wconf 93' lang='lat'><strong>.</strong></span> <span class='ocrx_word' id='word_1_232' title='bbox 686 3994 798 4070; x_wconf 85' lang='lat' dir='ltr'><strong>largi’.’&#39;</strong></span> 
     </span>
    </p>
   </div>
   <div class='ocr_carea' id='block_1_8' title="bbox 154 4141 359 4152">
    <p class='ocr_par' dir='ltr' id='par_1_13' title="bbox 154 4141 359 4152">
     <span class='ocr_line' id='line_1_30' title="bbox 154 4141 359 4152; baseline -0.015 0"><span class='ocrx_word' id='word_1_233' title='bbox 154 4141 359 4152; x_wconf 77' lang='lat'><strong>————-</strong></span> 
     </span>
    </p>
   </div>
   <div class='ocr_carea' id='block_1_9' title="bbox 236 4180 1368 4363">
    <p class='ocr_par' dir='ltr' id='par_1_14' title="bbox 236 4180 1368 4363">
     <span class='ocr_line' id='line_1_31' title="bbox 236 4180 772 4282; baseline -0.009 -9"><span class='ocrx_word' id='word_1_234' title='bbox 236 4215 302 4273; x_wconf 84' lang='lat'><strong>390.</strong></span> <span class='ocrx_word' id='word_1_235' title='bbox 342 4222 435 4272; x_wconf 80' lang='lat' dir='ltr'><strong>uector</strong></span> <span class='ocrx_word' id='word_1_236' title='bbox 455 4211 558 4272; x_wconf 88' lang='lat' dir='ltr'><strong>Iunius</strong></span> <span class='ocrx_word' id='word_1_237' title='bbox 579 4180 609 4268; x_wconf 78' lang='lat' dir='ltr'><strong>in</strong></span> <span class='ocrx_word' id='word_1_238' title='bbox 630 4207 772 4282; x_wconf 90' lang='lat' dir='ltr'><strong>margine.</strong></span> 
     </span>
     <span class='ocr_line' id='line_1_32' title="bbox 236 4282 1368 4363; baseline -0.005 -13"><span class='ocrx_word' id='word_1_239' title='bbox 236 4293 302 4351; x_wconf 82' lang='lat'><strong>391.</strong></span> <span class='ocrx_word' id='word_1_240' title='bbox 341 4292 490 4349; x_wconf 88' lang='lat' dir='ltr'><strong>Mercerus</strong></span> <span class='ocrx_word' id='word_1_241' title='bbox 518 4295 548 4347; x_wconf 87' lang='lat' dir='ltr'><strong>et</strong></span> <span class='ocrx_word' id='word_1_242' title='bbox 566 4288 672 4347; x_wconf 84' lang='lat' dir='ltr'><strong>Densa</strong></span> <span class='ocrx_word' id='word_1_243' title='bbox 699 4287 853 4345; x_wconf 78' lang='lat' dir='ltr'><strong>Tuditanus</strong></span> <span class='ocrx_word' id='word_1_244' title='bbox 860 4309 871 4358; x_wconf 77' lang='lat'><strong>,-</strong></span> <span class='ocrx_word' id='word_1_245' title='bbox 896 4286 977 4363; x_wconf 87' lang='lat' dir='ltr'><strong>quod</strong></span> <span class='ocrx_word' id='word_1_246' title='bbox 1004 4285 1054 4362; x_wconf 93' lang='lat' dir='ltr'><strong>qui</strong></span> <span class='ocrx_word' id='word_1_247' title='bbox 1080 4282 1220 4361; x_wconf 83' lang='lat' dir='ltr'><strong>probabit</strong></span> <span class='ocrx_word' id='word_1_248' title='bbox 1245 4283 1368 4344; x_wconf 85' lang='lat' dir='ltr'><strong>debebit</strong></span> 
     </span>
    </p>
   </div>
   <div class='ocr_carea' id='block_1_10' title="bbox 157 4365 800 4433">
    <p class='ocr_par' dir='ltr' id='par_1_15' title="bbox 157 4365 800 4433">
     <span class='ocr_line' id='line_1_33' title="bbox 157 4365 800 4433; baseline -0.014 0"><span class='ocrx_word' id='word_1_249' title='bbox 157 4368 290 4433; x_wconf 71' lang='lat' dir='ltr'><strong>scribere</strong></span> <span class='ocrx_word' id='word_1_250' title='bbox 310 4367 421 4426; x_wconf 80' lang='lat' dir='ltr'><strong>Pubuu’</strong></span> <span class='ocrx_word' id='word_1_251' title='bbox 441 4365 529 4425; x_wconf 85' lang='lat' dir='ltr'><strong>Pauu’</strong></span> <span class='ocrx_word' id='word_1_252' title='bbox 554 4367 707 4423; x_wconf 81' lang='lat' dir='ltr'><strong>Tuditanus</strong></span> <span class='ocrx_word' id='word_1_253' title='bbox 726 4365 800 4424; x_wconf 76' lang='lat' dir='ltr'><strong>niti.</strong></span> 
     </span>
    </p>
   </div>
   <div class='ocr_carea' id='block_1_11' title="bbox 0 0 1526 5032">
    <p class='ocr_par' dir='ltr' id='par_1_16' title="bbox 0 0 1526 5032">
     <span class='ocr_line' id='line_1_34' title="bbox 0 0 1526 5032; baseline 0 1"><span class='ocrx_word' id='word_1_254' title='bbox 0 0 1526 5032; x_wconf 95' lang='lat' dir='ltr'><strong> </strong></span> 
     </span>
    </p>
   </div>
  </div>
 </body>
</html>
