3044 5032
730 322 783 372 XV

265 489 301 554 in
322 508 455 556 numero
478 509 613 574 quorum
634 509 719 555 nunc
740 489 853 574 primu’
877 487 1050 554 Trebelliu'
1072 485 1204 552 multost

264 591 387 657 Luciu’:
409 611 486 657 nam
507 598 603 658 sanat
626 592 734 676 febris,
759 591 891 676 senium,
913 590 1076 674 vomitum,
1098 609 1169 674 pus.

265 743 393 811 vilicum
416 743 656 829 Aristocratem‚
679 744 931 829 mediastinum,
955 751 1051 827 atque
1073 740 1244 809 bubulcum

264 847 536 913 conmanducatus
558 848 714 932 corrupit,
738 847 781 913 ad
801 847 900 913 incita
923 844 1042 928 adegit.

170 1007 223 1067 42⁰
261 1019 344 1083 quae
367 999 489 1082 gallam
511 998 622 1064 bibere
645 1018 684 1064 ac
704 1018 803 1082 rugas
826 998 1005 1064 conducere
1027 997 1151 1063 ventris

264 1102 350 1168 farre
373 1120 515 1185 aceroso,
539 1101 645 1185 oleris,
670 1100 845 1166 decumano
867 1121 952 1186 pane
974 1101 1088 1183 codgit.

459 1266 552 1313 nemo
575 1252 624 1311 est
646 1246 811 1312 halicariu’
835 1245 995 1332 posterior
1009 1234 1058 1311 te.

258 1395 351 1476 hunc,
375 1390 451 1455 milli
475 1410 607 1475 passum
631 1394 685 1476 qui
707 1393 822 1458 vicerit
845 1398 943 1477 atque
966 1391 1100 1476 duobus,

260 1496 447 1580 Campanus
469 1494 600 1578 sonipes
624 1515 793 1561 succussor
814 1495 912 1560 nullu'
935 1500 1085 1578 sequetur

169 1607 220 1664 425
258 1598 379 1665 maiore
402 1596 436 1659 in
458 1595 573 1680 spatio,
596 1616 635 1662 ac
658 1597 796 1664 diversu’
820 1597 982 1664 videbitur
1003 1597 1061 1662 ire.

152 1707 363 1726 ᾔ

229 1754 296 1811 416.
334 1750 451 1809 Nonius
477 1768 508 1827 p.
524 1751 551 1824 2,
571 1750 607 1811 2l
629 1751 782 1812 “Lucilius
810 1760 978 1814 saturarum
1002 1751 1053 1812 lib.
1068 1769 1109 1807 xv
1135 1749 1174 1808 ‘in
1253 1749 1364 1825 primns

151 1848 304 1908 trebellius
326 1862 453 1903 munros
468 1862 561 1901 r1r0s
581 1863 691 1904 cucros
713 1865 895 1904 naucssmar
915 1847 1005 1905 febris
1021 1847 1218 1921 ...rcusspca
1231 1843 1301 1902 olim
1314 1844 1364 1902 im·

150 1939 295 2018 pressi)’.'’

228 2034 297 2092 418.
337 2033 453 2093 Nonius
474 2051 504 2110 p.
521 2035 585 2107 123,
599 2033 637 2090 26
658 2031 791 2094 “Incitas
813 2034 920 2094 dicitur
940 2042 1070 2112 egestas.
1157 2032 1236 2092 idem
1256 2032 1309 2092 lib.
1325 2051 1365 2090 xv

152 2125 280 2187 ‘vilicum
307 2133 584 2205 oropmtoproten...
602 2126 738 2204 adegit'.’'
836 2130 921 2188 Idem
946 2131 1063 2190 Nonius
1090 2149 1119 2207 p.
1142 2129 1249 2202 143,6
1275 2127 1362 2186 “Me-

152 2223 313 2282 diastrinos
335 2240 393 2280 non
413 2223 596 2297 balnearum,
623 2222 677 2281 sed
697 2223 849 2284 ministros
871 2231 901 2284 et
922 2232 1072 2284 curatores
1094 2222 1210 2283 aedium
1230 2221 1363 2298 legimus.

152 2318 286 2377 Lucilius
300 2317 352 2375 lib.
368 2330 438 2372 xvrr
456 2316 582 2375 ‘vilicum
597 2318 848 2378 ...bubulcnm’.''
927 2319 1012 2378 Idem
1033 2336 1062 2395 p.
1075 2315 1143 2393 419,
1158 2319 1176 2375 3
1194 2314 1362 2376 “Conmen-

152 2412 285 2472 dncatur.
307 2456 353 2470 ...
377 2410 455 2469 idem
476 2412 526 2470 lib.
540 2431 581 2468 xv
600 2410 726 2471 ‘vilicum
742 2455 787 2471 ...
801 2416 988 2472 metootrtocm
1002 2457 1008 2472 .
1021 2458 1047 2472 ..
1063 2411 1318 2472 commanducatus
1336 2418 1365 2466 nt

152 2505 283 2579 corrupit
296 2549 302 2562 .
314 2549 321 2563 .
334 2549 341 2562 .
356 2503 498 2580 edegit’.'’

227 2599 293 2657 420.
332 2599 449 2657 Nonius
471 2618 500 2676 p.
515 2601 583 2676 445,
602 2603 636 2660 18
659 2599 844 2660 “Acerosnm
872 2618 999 2680 namque
1024 2617 1132 2676 panem
1158 2599 1235 2658 ferre
1258 2601 1360 2674 (farre)

152 2691 247 2750 minus
269 2692 409 2768 purgatio
433 2697 587 2771 (promoto),
616 2712 670 2753 nec
692 2695 829 2755 sordibus
858 2697 994 2768 (sordido)
1017 2713 1035 2752 a
1060 2693 1188 2753 candido
1216 2699 1364 2769 separato,

151 2785 308 2845 dicendum
323 2793 438 2847 veteres
453 2795 639 2864 putaverunt.
671 2788 803 2849 Lucilius
822 2789 873 2849 lib.
890 2809 930 2846 xv
951 2787 1118 2864 (XXVapnd
1132 2787 1262 2861 Iunium)
1279 2787 1364 2863 ‘quae

151 2882 261 2956 gallam
281 2885 370 2940 cicere
385 2927 392 2940 .
405 2927 431 2940 ..
447 2882 559 2941 ventris
575 2928 620 2942 ...
637 2902 708 2940 ossi
730 2883 895 2942 decumano
911 2901 989 2960 pane
1004 2900 1132 2940 cumano
1147 2881 1264 2955 coegit’.
1297 2888 1364 2940 tnnc

152 2976 246 3045 (tuac)
270 2973 379 3035 Graeci
407 2970 584 3052 αὐτόπυρον
604 2978 739 3036 vocant.''
820 2978 934 3036 Paulus
954 2977 1030 3035 libro
1050 2995 1093 3032 vn
1115 2992 1152 3033 ex
1172 2974 1266 3035 Festo
1285 2994 1315 3052 p.
1330 2972 1364 3033 ll

151 3066 290 3127 “Gallam
309 3070 412 3129 bibere
434 3089 469 3130 ac
490 3088 581 3145 rugas
603 3068 768 3129 conducere
787 3076 952 3130 cenericum
968 3071 1010 3130 ait
1025 3070 1169 3145 Lucilius,
1191 3074 1365 3146 praemonet

149 3162 332 3237 parsimonia
357 3181 424 3224 esse
445 3164 584 3224 utendum
610 3168 705 3240 neque
726 3167 814 3240 gulae
835 3163 1051 3240 indulgendum
1070 3169 1261 3241 ventremque
1282 3181 1364 3224 coar·

150 3255 300 3315 tandum.’'

92 3345 94 3350 ’
226 3351 292 3408 422.
333 3350 486 3412 Charisius
513 3372 544 3430 p.
560 3350 596 3412 15
617 3349 755 3410 “Alicam
784 3353 847 3411 sine
874 3352 1078 3430 adspiratione
1108 3352 1218 3412 dictam
1239 3353 1364 3412 Verrius

149 3444 249 3517 tradit,
274 3450 305 3502 et
325 3445 368 3503 sic
388 3447 474 3506 mnlti
493 3447 647 3518 dixerunt3
676 3444 731 3505 nisi
753 3447 834 3524 quod
854 3447 986 3507 Lucilius
1009 3447 1123 3507 decimo
1144 3448 1249 3523 quinto
1270 3445 1365 3508 ‘nemo

149 3544 196 3596 est
216 3555 418 3596 nscrcsmaus
438 3542 586 3618 posterior
606 3541 644 3600 te'
667 3558 732 3600 cum
753 3543 956 3620 adspiratione
978 3541 1079 3600 dixit.''

228 3633 295 3691 423.
337 3631 450 3693 Gellius
471 3655 491 3710 1,
508 3638 543 3695 16
569 3641 599 3694 et
625 3653 662 3695 ex
684 3653 720 3694 eo
740 3636 910 3696 Macrobius
940 3634 1124 3706 Saturn.1,5
1146 3635 1183 3693 de
1203 3636 1279 3695 crille
1298 3637 1364 3696 sub·

152 3727 282 3785 stantivo
304 3725 460 3786 “Lucilius
476 3747 598 3788 ...nam
619 3730 649 3789 in
666 3730 743 3790 libro
759 3729 862 3806 quinto
883 3730 998 3789 decimo
1018 3731 1061 3789 ita
1082 3727 1161 3788 dicit.
1191 3727 1280 3788 ‘hunc
1295 3731 1365 3789 milli

150 3825 358 3880 ...accuratior
379 3822 537 3896 (mtcoroor
551 3823 632 3900 apud
645 3823 841 3896 Macrobium)
863 3823 960 3882 nullus
982 3830 1123 3901 sequetur
1143 3822 1254 3882 maiore
1276 3825 1306 3883 in
1326 3826 1367 3902 (io

149 3916 236 3975 abest
254 3916 420 3992 Macrobio)
447 3916 544 3993 spatio
560 3916 695 3976 ...ire'.''
780 3916 896 3976 Nonius
917 3935 946 3993 p.
964 3920 1009 3994 16,
1029 3921 1065 3976 31
1092 3916 1297 3978 “Succussare
1321 3926 1367 3978 est

149 4025 250 4067 susum
276 4009 445 4086 frequenter
469 4017 619 4070 excutere.
640 4055 686 4071 ...
703 4011 838 4072 Lucilius
866 4017 956 4087 satyr.
977 4013 1028 4072 lib.
1042 4032 1088 4070 1111
1104 4011 1238 4073 ...idem
1258 4012 1311 4072 lib.
1325 4031 1365 4070 xv

216 4155 293 4223 Ι420.
340 4155 497 4214 Lucretius
527 4154 564 4213 de
588 4153 683 4213 hieme
711 4165 803 4215 tantos
830 4158 999 4216 condoceret
1022 4160 1115 4214 omnio
1146 4167 1257 4233 torpor,
1284 4159 1366 4236 apud

152 4230 283 4290 Nonium
303 4251 332 4308 p.
349 4234 416 4306 229,
431 4235 458 4291 2.
562 4233 624 4290 For
643 4251 784 4292 corrosano
805 4233 842 4292 de
862 4234 944 4309 pulte
964 4234 1192 4308 intellegendum
1213 4241 1268 4295 est.

150 4310 231 4366 oleris
252 4310 352 4368 dativo
374 4309 480 4385 plurali
504 4308 582 4368 Cato
603 4308 685 4369 dixit.

225 4387 291 4446 422.
331 4388 482 4446 battccrr‘ce
502 4385 631 4446 editores
651 4386 788 4448 Charisii.
