3044 5032
723 308 789 358 XVI

258 475 324 541 sint
345 472 501 558 homiues,
523 472 645 558 spiram
667 474 773 557 pallas
795 474 1133 566 redimiculaxpromit
1247 514 1249 519 ,

177 693 195 736 *
257 693 374 759 subicit
395 691 470 758 huic
493 691 647 760 humilem
670 701 702 760 et
723 693 897 761 suffercitu’
918 696 1138 780 posteriorem.

681 1069 788 1165 nur
835 1190 839 1195 ι

430 1308 538 1375 media
560 1331 578 1376 e
599 1310 737 1395 pistrina

173 1529 223 1590 450
260 1544 318 1590 rex
341 1526 439 1593 (lotus
462 1528 517 1593 illc
540 1531 603 1594 duo
627 1500 685 1594 hos
708 1535 832 1614 ventor,
857 1536 1000 1597 austrum
1023 1496 1122 1616 atoue
1144 1533 1327 1619 aquilonem

155 1778 209 1840 boo
230 1788 278 1841 est
296 1783 415 1842 tunicae
429 1784 560 1859 pallium.
583 1831 590 1845 .
605 1832 631 1845 ..
647 1785 780 1846 Lucilius
794 1776 958 1865 satyrarum
979 1788 1030 1848 lib.
1044 1808 1086 1847 xv
1106 1788 1183 1849 ‘cum
1196 1836 1203 1849 .
1215 1835 1221 1849 .
1235 1791 1363 1868 ,spiram

154 1875 248 1948 pellas
270 1875 441 1937 redimicula
461 1880 606 1956 promit'.''

228 1971 295 2029 448.
336 1969 554 2048 Gellius·1v‚li
578 1973 674 2032 “Item
696 1975 797 2050 quinto
817 1975 932 2034 decimo
955 1975 1074 2037 ‘subicit
1150 1977 1363 2054 posteriorem,’

156 2061 264 2122 subicit
282 2081 302 2121 n
321 2065 408 2124 litera
426 2068 519 2144 longa
537 2069 666 2143 legunt.”

229 2175 292 2217 xvr.
335 2160 502 2238 Porphyrio
523 2163 563 2221 ad
578 2162 697 2221 Horatii
718 2162 878 2221 carminum
898 2163 1030 2237 1,22,1o
1051 2161 1152 2222 “Dum
1166 2180 1260 2222 meam
1274 2166 1363 2222 canto

157 2248 302 2325 Lalagen.
334 2252 372 2311 Id
387 2260 434 2312 est
452 2272 570 2314 carmen
590 2257 620 2315 in
635 2256 773 2330 Lalagen
795 2257 926 2330 amicam,
948 2256 1010 2315 eins
1026 2255 1220 2334 compositum
1240 2257 1363 2316 nomine.

158 2341 198 2402 sic
225 2347 258 2402 et
283 2345 359 2405 liber
384 2348 493 2407 Lucilii
519 2349 651 2408 decimus
681 2356 782 2409 sextus
811 2349 935 2426 Collyra
961 2350 1132 2412 inscribitur
1158 2367 1193 2409 eo
1220 2349 1300 2426 quod
1327 2349 1364 2408 de

118 2440 122 2445 ’
158 2434 280 2513 Collyra
302 2440 397 2499 amica
411 2460 465 2502 sua
480 2443 609 2518 scriptus
631 2443 696 2502 sit.’'
744 2444 786 2503 ita
799 2444 874 2503 haec
889 2444 982 2504 edidit
1001 2445 1051 2504 nr.
1066 2447 1172 2504 Dousa
1185 2445 1215 2501 in
1232 2443 1365 2501 auctario

154 2528 225 2590 odit.
248 2530 438 2610 Cruquianae
459 2554 488 2611 p.
504 2535 594 2596 68912.
635 2535 784 2613 Georgius
810 2539 967 2598 Fabricius
988 2557 1017 2614 p.
1033 2540 1070 2597 42
1092 2540 1145 2612 sic,
1167 2538 1285 2598 “Canto
1306 2537 1365 2595 La·

152 2622 252 2698 legen.
279 2624 437 2704 Compono
451 2630 565 2688 scilicet
578 2630 683 2689 librum
699 2632 843 2706 Lalagen.
874 2633 915 2691 ita
929 2634 996 2690 liber
1011 2633 1073 2691 Sec.
1085 2633 1166 2688 Decii
1183 2629 1308 2705 Collyra
1323 2631 1365 2688 in·

155 2716 296 2777 scribitur
309 2737 344 2778 eo
359 2723 439 2798 quod
454 2722 491 2780 de
506 2722 625 2799 Collyra
639 2728 743 2782 amima
758 2726 888 2800 scriptus
914 2725 959 2783 sit.
991 2724 1080 2783 etiam
1102 2740 1157 2781 nos
1178 2722 1221 2781 sic
1241 2722 1365 2797 plerum-

156 2828 215 2886 que
235 2812 409 2889 loquimur.”

232 2905 414 2966 Censorinus
441 2908 479 2967 de
501 2908 548 2966 die
576 2909 668 2968 natali
695 2912 795 2985 cap.3
823 2909 901 2968 “non
927 2910 999 2968 nulli
1025 2908 1111 2967 binos
1138 2908 1242 2984 genios
1266 2909 1296 2966 in
1319 2908 1365 2966 his

154 2996 303 3061 duntaxat
323 3001 457 3061 domibus
479 3021 555 3079 quae
575 3010 677 3063 essent
696 3004 820 3063 maritae
842 3003 984 3062 colendos
1005 3008 1196 3079 putaverunt3
1224 3002 1367 3061 Euclides

154 3098 254 3150 autem
281 3092 453 3155 Socraticus
483 3097 631 3172 duplicem
658 3098 792 3156 omnibus
819 3099 937 3156 omniuo
962 3098 1049 3157 nobis
1076 3098 1194 3172 genium
1220 3097 1292 3156 dicit
1317 3097 1368 3154 ad·

155 3186 304 3261 positum,
332 3207 419 3264 quam
445 3207 504 3248 rem
533 3189 612 3266 apud
637 3190 784 3249 Lucilium
810 3192 840 3249 in
866 3194 942 3253 libro
969 3193 1126 3251 satirarum
1147 3209 1199 3247 xvi
1224 3191 1296 3249 lieet
1319 3208 1367 3249 oo·

157 3283 332 3355 gnoscere.”
1110 3343 1116 3352 ,

234 3375 302 3435 449.
343 3376 495 3436 Charisius
516 3395 544 3454 p.
560 3381 597 3438 55
618 3378 799 3437 “Pistricem
821 3383 925 3435 neutro
940 3376 1056 3434 dieitur.
1088 3377 1141 3434 sed
1162 3375 1295 3434 Lucilius
1316 3395 1368 3434 xvr

157 3465 298 3531 feminine
319 3472 434 3542 extulit,
455 3469 563 3529 ‘media
584 3489 600 3530 e
620 3472 764 3548 pistrina’,
786 3470 825 3530 ad
845 3471 1000 3528 tabernam
1022 3470 1165 3540 referens,
1185 3474 1218 3527 ut
1232 3487 1370 3545 caupone

155 3565 272 3625 dicitur.
313 3583 380 3624 nam
407 3571 436 3623 et
457 3565 615 3624 Terentius
637 3566 814 3623 deminutive
840 3563 998 3638 pistrillum
1019 3562 1120 3622 dixit.'’
1206 3563 1304 3622 Varro
1332 3565 1369 3623 de

153 3659 259 3734 lingna
278 3656 392 3717 Latina
412 3677 431 3714 v
450 3676 479 3734 p.
499 3661 553 3716 140
573 3658 650 3715 inter
671 3659 865 3716 instrumenta
884 3653 997 3713 rustica
1018 3654 1146 3732 “Pilum,
1168 3655 1248 3732 quod
1269 3673 1304 3714 eo
1324 3658 1371 3715 far

155 3753 271 3828 pisunt3
292 3768 382 3827 aquo
403 3751 453 3809 ubi
474 3750 506 3808 id
524 3750 557 3808 lit
577 3751 687 3809 dictum
708 3750 873 3825 pistrinum.
895 3748 1025 3807 ...indo
1046 3756 1116 3825 post
1136 3749 1164 3806 in
1185 3749 1258 3806 urbe
1272 3748 1371 3807 Lucili

155 3845 284 3923 pistrina
303 3852 333 3904 et
346 3844 481 3920 pistrix.’'
560 3844 779 3903 Grammaticus
794 3843 831 3900 de
845 3841 1004 3916 generibus
1022 3843 1168 3902 nominum
1184 3842 1221 3899 ab
1236 3840 1370 3916 Hauptio

155 3939 256 3999 editus
276 3956 305 4015 p.
319 3941 357 3997 95
378 3934 558 3996 “Pistrinum
580 3938 698 4012 generis
716 3939 818 3996 neutri.
851 3937 905 3995 sed
926 3938 1017 3997 Varro
1039 3935 1147 3993 ‘media
1161 3944 1200 3992 est
1213 3934 1371 4011 pistrina’.”

233 4032 300 4091 450.
340 4030 457 4090 Nonius
477 4048 505 4105 p.
520 4033 566 4104 98,
584 4032 618 4089 19
640 4029 1045 4106 “Demagis,va1demagis.
1075 4027 1210 4086 Lucilius
1229 4025 1304 4083 libro
1319 4044 1371 4084 xvr

236 4264 303 4324 447.
344 4263 435 4324 Ianus
457 4265 562 4322 Dousa
581 4268 682 4338 spiras,
697 4262 816 4339 pollam.

237 4345 303 4403 450.
344 4343 414 4402 Non
435 4341 532 4417 potuit
553 4341 687 4398 Lucilius
713 4342 789 4398 banc
810 4338 1063 4416 praepositionem
1090 4353 1166 4413 quae
1187 4342 1234 4395 est
1253 4334 1287 4393 de
1304 4352 1372 4394 con·

1124 4429 1170 4494 4*
