3044 5032
288 117 377 165 ¹nam
400 98 615 182 disrumpetur
637 95 761 162 medius
786 97 860 181 iam,
884 102 918 162 ut
939 96 1056 161 Marsu'
1081 115 1230 162 coruom„

303 200 471 285 disrumpit
494 205 598 282 cantu,
622 219 723 266 venas
748 219 818 264 cum
840 198 1019 265 extenderit
1041 199 1154 265 omnis.

301 370 455 453 Calpurni
478 388 611 436 saevam
633 369 739 450 legem
762 369 882 434 Pisoni'
905 370 1068 454 reprendi,

215 479 260 538 tlt
303 472 462 556 eduxique
485 472 624 536 animam
647 472 681 536 in
704 470 889 556 primoribu'
912 471 1049 554 partibu'
1072 471 1170 538 naris.

302 661 416 727 proras
440 641 620 726 despoliato
643 647 675 706 et
699 639 869 706 detondete
890 640 1045 723 guberna.

304 831 466 896 purpureo
489 811 580 877 tersit
600 815 667 875 tum
689 810 773 876 latas
794 829 938 896 gausape
960 830 1098 878 mensas.

732 1076 878 1192 mxu·

305 1252 409 1362 scrvu’
431 1314 535 1378 neque
558 1292 674 1358 infidus
698 1291 827 1357 domino
850 1312 956 1376 neque
978 1285 1092 1358 inutili'
1117 1292 1275 1378 cuiquam,

400 1397 505 1463 Lucili
527 1395 707 1478 columella,
730 1394 784 1459 hic
805 1395 887 1480 situ',
910 1395 1135 1482 Metrophanes

276 1587 341 1644 512.
381 1584 496 1644 Nonius
516 1602 545 1661 p.
557 1584 624 1656 201,
636 1583 673 1640 21
695 1580 850 1642 “Colubra
865 1581 1004 1640 feminini.
1032 1580 1165 1642 Lucilius
1180 1587 1346 1660 satyramm
1359 1582 1409 1645 lib.

197 1697 241 1735 xx
262 1677 327 1734 ‘rau
348 1677 586 1756 disrumpetur..
600 1718 606 1733 .
619 1675 748 1734 omnis’.”
1357 1674 1363 1679 ’

275 1775 341 1832 514.
381 1772 497 1831 Nonius
518 1790 547 1847 p.
561 1769 629 1845 427,
643 1772 680 1829 30
701 1769 845 1828 “Priores
868 1775 898 1829 et
917 1769 1062 1846 primores
1083 1769 1160 1830 hanc
1180 1770 1294 1832 habent
1315 1771 1408 1832 diver-

200 1868 328 1926 sitatem.
350 1865 546 1927 ...Lucilius
566 1872 728 1940 satyrarum
749 1864 799 1923 lib.
814 1882 857 1920 xx
878 1863 1022 1940 ‘calpurni
1043 1882 1140 1921 sarva
1159 1865 1227 1942 lege
1246 1885 1278 1924 ur
1298 1867 1411 1944 pisonis

197 1961 360 2037 reprehendi
374 2006 381 2020 .
393 2006 399 2019 .
412 2005 418 2018 .
430 1960 460 2017 in
481 1959 658 2034 primorinus
679 1958 793 2018 uaris'.''

126 2044 129 2051 ’
278 2057 344 2114 516.
383 2054 499 2112 Nonius
519 2071 549 2129 p.
563 2054 630 2127 490,
646 2055 681 2110 31
703 2050 867 2111 “Guberna
892 2065 947 2127 pro
971 2052 1177 2126 gubernacula
1202 2053 1339 2114 Lucilius
1365 2070 1411 2113 sa·

198 2152 329 2224 tyrarum
352 2148 403 2206 lib.
420 2165 463 2202 xx
483 2146 598 2221 ‘proras
615 2146 809 2203 ...demedio
835 2145 1004 2221 guberna'.”
1089 2146 1207 2208 Marius
1236 2148 1414 2207 Victorinus

198 2261 228 2318 p.
242 2243 319 2300 2499
340 2241 432 2324 “Pari
451 2241 567 2299 ratione
587 2239 617 2296 in
638 2257 725 2297 versu
746 2244 775 2298 et
796 2255 930 2315 apocope
956 2247 1118 2316 praecepta
1141 2245 1275 2318 (recepto)
1297 2249 1357 2317 est,
1382 2241 1417 2300 id

199 2343 246 2396 est
266 2336 429 2395 subtractio
445 2334 578 2412 syllabae
596 2334 814 2415 syllabarumve
831 2335 990 2395 cuiuslibet
1005 2335 1158 2411 orationis,
1180 2342 1272 2395 metro
1287 2341 1417 2414 cogente

199 2432 292 2504 facta;
313 2447 390 2507 quae
412 2429 474 2488 sive
494 2431 524 2489 in
544 2430 637 2489 verbo
660 2429 721 2487 sive
744 2428 773 2485 in
794 2429 910 2487 nomine
932 2429 1092 2503 acciderit,
1112 2446 1167 2504 pro
1188 2429 1308 2507 integra
1327 2438 1416 2508 parte

199 2525 340 2585 orationis
362 2524 538 2600 accipietur;
564 2529 596 2581 ut
675 2522 809 2581 similiter
834 2522 950 2601 ‘proras
971 2524 1111 2581 detondere
1136 2534 1162 2582 ct
1181 2511 1335 2602 despoliare
1360 2543 1414 2601 gu·

110 2623 113 2628 ’
198 2620 308 2693 berna',
329 2619 360 2677 id
380 2625 427 2678 est
447 2616 676 2693 gubernacula.''

276 2711 341 2773 511.
383 2712 556 2771 Priscianus
580 2729 610 2787 p.
626 2707 682 2768 810
707 2708 859 2785 “Tergco,
887 2711 967 2770 tersi.
1052 2712 1187 2772 Lucilius
1212 2711 1242 2770 in
1262 2731 1307 2769 xx
1334 2712 1411 2791 ‘pur-

200 2825 292 2883 pureo
315 2804 402 2865 tersit
420 2814 482 2863 tuoe
497 2851 503 2864 .
516 2852 523 2865 .
535 2850 542 2865 .
554 2804 707 2863 mensas'.'’

274 2902 339 2961 518.
379 2901 516 2960 Donatus
529 2898 570 2959 ad
583 2897 792 2957 Phormionem
807 2897 942 2956 Terentii
956 2917 987 2973 n,
1005 2901 1019 2957 1
1041 2917 1070 2976 p.
1081 2902 1139 2959 458
1161 2898 1332 2961 “columen
1349 2900 1409 2959 cul·

189 3001 275 3055 men.
307 3012 344 3053 an
370 2996 504 3053 columen
530 2990 687 3052 columna?
713 2990 792 3050 unde
817 2992 973 3052 columella
997 2993 1078 3069 apud
1100 3001 1215 3054 veteres
1237 2994 1311 3054 dicti
1338 2991 1411 3054 servi

198 3091 324 3149 maiores
339 3089 452 3147 domus.
482 3087 580 3147 Lucil.
594 3104 660 3143 xmr
674 3085 787 3144 ‘servus
802 3131 809 3144 .
822 3131 828 3145 .
842 3131 848 3144 .
860 3087 997 3162 cuiquam
1013 3087 1166 3165 (quoquam
1180 3087 1250 3148 olim
1264 3085 1410 3164 impressi)

200 3183 415 3244 ...columella
434 3183 605 3255 (columellae
626 3181 695 3239 olim
714 3176 863 3261 impressi)
885 3180 933 3240 hic
960 3181 1018 3240 situ
1040 3185 1100 3256 (sic)
1126 3182 1339 3260 metrophanes
1361 3183 1411 3259 (tic

84 3354 87 3360 Ι
199 3282 274 3349 duo,
289 3279 397 3336 omisso
413 3278 537 3351 nomine,
552 3277 620 3335 olim
634 3274 819 3351 impressi)'.’'
885 3275 1035 3335 Martialis
1048 3276 1124 3336 libro
1139 3297 1180 3354 xr,
1196 3281 1233 3337 90
1249 3276 1412 3337 “Carmina

200 3372 281 3431 nulla
305 3371 416 3448 probas
439 3371 517 3429 molli
541 3387 617 3447 quae
640 3370 731 3428 limite
757 3359 886 3441 currunt,
908 3367 970 3429 Sed
996 3387 1072 3446 quac
1097 3387 1151 3446 per
1174 3372 1311 3432 salebras
1336 3372 1411 3431 alta-

200 3483 257 3543 que
278 3483 354 3525 saxa
374 3464 493 3538 cadunt,
515 3464 557 3523 Et
576 3464 631 3523 tibi
650 3464 793 3523 Maeonio
816 3463 897 3541 quod
916 3462 1119 3540 (scribendum
1141 3464 1259 3542 quoque)
1282 3465 1413 3525 carmine

200 3559 293 3619 malus
317 3557 443 3619 habetur
464 3557 563 3617 Lucili
584 3557 719 3632 (leocadae
740 3557 913 3631 Palatinus)
934 3558 1104 3633 columella,
1127 3558 1175 3617 hic
1197 3559 1281 3634 situs,
1303 3559 1413 3620 Metro·

200 3653 342 3730 phanes.’'

277 3833 345 3892 514.
391 3830 570 3892 Rectissime
596 3828 698 3888 Iunius
727 3829 873 3906 ‘Colporm'
897 3849 1008 3888 soeooro
1033 3834 1116 3908 lepem
1140 3833 1253 3891 Pisonis
1277 3833 1416 3908 reprendi,

202 3909 349 3984 Educe'que
370 3916 426 3969 etc.
448 3915 494 3968 est
514 3913 613 3966 autem
632 3906 706 3965 haec
727 3907 764 3966 de
784 3906 918 3983 pecuniis
939 3909 1114 3987 repetundis
1135 3908 1196 3970 Cic.
1219 3910 1315 3969 teste!

279 3989 345 4048 519.
360 3988 378 4028 *
394 3986 483 4049 Conf.
498 4002 602 4045 comm.
618 3983 648 4043 in
669 3984 759 4044 Lucr.
780 4002 810 4061 p.
826 3985 891 4045 122.
926 4034 928 4038 .
