3044 5032
633 322 769 374 1-xxV.
794 321 873 371 xxx

254 503 321 580 tum
342 493 478 570 laterali'
503 491 604 576 dolor,
629 490 814 558 certissimu’
839 488 959 555 nuutiu'
985 487 1106 571 mortis,
1181 539 1191 561 .

553 699 573 746 a
595 701 647 748 mc
671 679 843 747 auxiliatus

169 883 227 941 1155
688 873 819 953 “carceri
843 869 1049 935 5155555555
1073 864 1199 949 diguus.

260 1068 294 1128 at
318 1055 470 1148 [quidem]
495 1065 536 1142 15,
560 1057 684 1125 senium
706 1063 804 1142 atquc
826 1033 946 1124 insulse
969 1055 1122 1141 sophista.

258 1252 309 1317 hic
331 1270 349 1314 5
371 1268 405 1314 55
427 1252 504 1314 nata
526 1245 618 1312 Seius
642 1244 841 1312 (1551515551
864 1244 949 1313 male
967 1264 1054 1312 5555.

539 1433 667 1520 Myconi
691 1434 785 1501 calva
807 1434 902 1500 omni’
927 1434 1083 1501 iuventus.

232 1612 314 1670 1153.
354 1606 500 1669 Maximus
512 1605 685 1664 Victorinus
705 1624 734 1684 p.
744 1608 818 1664 1963
839 1604 1001 1668 “Similiter
1015 1604 1149 1664 Lucilius
1164 1604 1209 1665 ait
1228 1604 1298 1665 ‘tum
1319 1603 1361 1664 la·

154 1708 256 1768 teralis
278 1704 378 1777 dolor,
403 1702 584 1762 certissimus
604 1701 722 1760 nuntius
741 1701 853 1760 mortis'
874 1718 929 1777 pro
949 1699 1019 1759 ‘lum
1040 1700 1157 1760 laterali
1177 1698 1276 1775 dolor,
1301 1717 1362 1759 cer-

152 1801 267 1862 tissimu
288 1797 390 1857 nuntiu
410 1795 546 1855 mortis’.’'
581 1799 584 1804 ’

232 1894 315 1953 1154.
357 1891 530 1951 Priscianus
551 1907 580 1967 p.
597 1887 652 1949 191
678 1888 834 1948 “Lucilius
859 1885 889 1949 ‘a
907 1907 953 1948 me
975 1889 1136 1950 auxiliatus
1157 1888 1213 1948 est'
1234 1888 1363 1967 passive,

151 1984 354 2066 flopdpdslgf’
447 1985 532 2043 Idem
552 2003 581 2061 p.
598 1981 652 2043 927
675 1983 843 2059 “Auxilior‚
864 1985 1032 2058 auxiliatus,
1053 1977 1068 2041 ὁ
1089 1976 1256 2058 βοηθήσας
1276 1979 1327 2040 καὶ
1348 1975 1364 2040 ὃ

152 2076 337 2158 alaspach.
364 2077 499 2138 Lucilius
521 2076 549 2136 ‘a
569 2094 614 2136 ma
636 2077 795 2137 auxiliatus
815 2076 987 2152 (Pntschius
1009 2075 1094 2136 addit
1113 2096 1149 2147 55,
1169 2075 1250 2154 quod
1267 2075 1363 2135 Krch·
1411 2142 1417 2151 .

153 2178 211 2236 lius
235 2192 267 2235 se
290 2173 436 2234 delevisse
460 2171 610 2247 scribit)’.”

232 2272 315 2331 1155.
355 2266 491 2324 Donatus
511 2264 551 2324 ad
572 2264 703 2324 Terentii
722 2263 865 2324 Andriam
882 2266 932 2338 aa
953 2267 1028 2342 p.24
1047 2265 1222 2340 “Carnifex
1245 2272 1296 2326 555
1315 2282 1364 2325 55·

155 2364 332 2427 carnificans
350 2359 507 2434 dominum,
528 2366 579 2418 555
592 2359 657 2435 ipse
673 2358 781 2434 dignus
797 2359 943 2434 carnifice,
963 2366 997 2418 ut
1011 2376 1080 2418 5555
1093 2358 1153 2434 1155,
1170 2359 1201 2418 id
1215 2359 1365 2420 55515515-

154 2466 210 2520 tur.
242 2457 376 2517 Lucilius
399 2452 512 2511 ‘carcer
527 2497 534 2512 .
547 2498 553 2512 .
566 2499 573 2512 .
586 2454 729 2528 dignus’.''
808 2452 893 2511 Idem
914 2451 952 2510 ad
974 2453 1150 2513 Eunuchum
1166 2455 1246 2529 5552
1265 2472 1295 2530 p.
1311 2454 1366 2512 143

155 2552 238 2612 “Vix
254 2558 304 2610 aut
319 2540 437 2608 disticha
453 2547 610 2622 siguificat,
627 2554 679 2607 aut
692 2566 764 2622 non;
785 2554 816 2607 ut
832 2547 871 2606 sit
885 2564 939 2606 uec
953 2546 1018 2607 hoc.
1045 2548 1180 2606 Lucilius
1196 2547 1308 2607 ‘carcer
1322 2594 1328 2608 .
1341 2594 1366 2608 ..

156 2645 300 2721 dignus'.''
396 2638 448 2700 Ad
468 2640 593 2700 eandem
614 2643 687 2716 1v‚3
708 2659 738 2717 p.
748 2643 802 2700 158
824 2639 958 2700 “Scelus
980 2631 1116 2715 αὔξησις·
1138 2642 1205 2717 plus
1226 2643 1302 2700 enim
1321 2650 1368 2702 est

156 2741 253 2800 scelus
270 2756 357 2814 quam
372 2736 525 2794 scelestus.
549 2741 581 2791 ut
596 2734 729 2792 Lucilius
745 2733 858 2793 ‘carcer
873 2778 880 2793 .
893 2778 900 2792 .
912 2778 919 2792 .
931 2733 1072 2808 diguus'.”
1159 2735 1195 2793 In
1210 2734 1368 2813 Adelphos

156 2837 230 2909 111,2
250 2834 342 2909 palo
363 2829 445 2888 “Vix
467 2847 529 2888 sum
551 2845 674 2904 compos
695 2828 791 2886 animi.
815 2830 878 2886 Aut
893 2826 943 2885 515
963 2826 1092 2902 taudem,
1114 2833 1166 2888 aut
1185 2829 1234 2888 515
1253 2847 1322 2905 555,
1336 2835 1368 2888 55

156 2927 291 2986 Lucilius
306 2925 419 2984 ‘carcer
433 2967 440 2982 .
453 2967 459 2981 .
472 2969 478 2982 .
491 2922 634 2998 dignus'.”
727 2921 777 2980 Ad
794 2920 999 2980 Phormionem
1011 2939 1041 2995 11,
1054 2923 1072 2980 3
1091 2939 1122 2998 p.
1131 2923 1188 2980 469
1210 2921 1290 2982 “Ain
1303 2926 1368 2982 tan·

158 3021 223 3081 dem
245 3037 355 3080 carcer.
391 3017 421 3076 N
424 3035 460 3076 on
482 3015 691 3090 carcerarium,
719 3015 773 3074 sed
794 3033 941 3075 carcerem
963 3016 1098 3093 asperius
1119 3017 1292 3093 appellavit.
1326 3018 1369 3078 sic

158 3114 293 3174 Lucilius
315 3113 428 3172 ‘carcer
443 3157 449 3171 .
462 3157 468 3171 .
481 3156 488 3171 .
501 3109 627 3187 dignus,
649 3116 679 3168 et
699 3109 748 3168 515
768 3127 821 3186 pro
843 3109 927 3169 non.’'

238 3211 321 3267 1156.
361 3207 499 3266 Donatus
521 3205 559 3264 ad
580 3204 711 3263 Terentii
732 3204 905 3263 Eunuchum
926 3209 990 3279 rr‚3
1010 3225 1039 3283 p.
1057 3208 1111 3264 128
1133 3203 1195 3264 “ilc
1215 3223 1308 3264 55555
1331 3205 1370 3264 ad

157 3306 287 3363 aetatem
307 3301 440 3373 refertur,
464 3301 576 3359 senium
599 3299 637 3358 ad
658 3297 829 3358 convicium.
857 3298 899 3356 sic
918 3297 1052 3360 Lucilius
1069 3299 1109 3359 ait
1131 3298 1173 3358 ‘at
1191 3300 1308 3374 quidem
1323 3343 1330 3358 .
1344 3344 1370 3359 ..

157 3392 328 3472 sophista’.''

242 3483 325 3546 1151.
365 3485 500 3544 Donatus
521 3484 560 3544 ad
576 3485 706 3548 Terentii
720 3486 879 3562 Adelphos
895 3503 938 3559 ur,
955 3487 970 3542 1
985 3485 1077 3563 patr
1100 3485 1147 3544 “E
1168 3503 1199 3545 re
1217 3489 1288 3558 nata
1302 3487 1371 3564 (Hc-

158 3604 208 3642 555
226 3591 310 3639 actae
330 3579 399 3637 olim
418 3567 555 3655 impressi
574 3578 622 3638 hic
643 3579 789 3656 5515155).
823 3578 873 3638 Sic
894 3580 1013 3655 proprie
1045 3579 1207 3657 (improprie
1230 3581 1297 3640 olim
1321 3579 1372 3637 im·

159 3674 268 3754 pressi)
290 3672 412 3731 dicimus
437 3672 475 3731 de
497 3673 640 3749 hisquae
662 3681 767 3735 contra
788 3674 967 3734 voluntatem
988 3680 1117 3734 nostram
1139 3673 1323 3746 acciderunt,
1340 3676 1374 3730 ut

161 3788 240 3829 nunc
263 3768 364 3828 vitium
386 3766 517 3842 virginis.
553 3783 626 3842 ergo
648 3785 663 3826 5
683 3785 715 3826 55
736 3774 820 3843 5555,
846 3784 882 3825 55
909 3767 979 3826 51515
1000 3768 1132 3844 virginis.
1168 3769 1211 3828 sic
1238 3767 1373 3827 Lucilius

161 3865 214 3942 pi
244 3863 262 3921 1.
293 3862 341 3920 hic
362 3878 377 3920 5
398 3878 430 3919 55
451 3864 523 3919 5555
544 3861 630 3936 (haec
651 3862 758 3938 omnia,
779 3882 811 3922 55
829 3865 897 3921 ottio
913 3881 983 3921 ...5
1000 3881 1031 3921 55
1049 3875 1128 3935 actu,
1148 3862 1287 3921 omittunt
1305 3860 1374 3919 olim

162 3957 310 4035 impressi)
337 3972 454 4025 srccrus
484 3954 536 4029 (sic
561 3959 616 4013 eius
640 3954 721 4032 olim)
748 3955 832 4014 dedit
856 3954 935 4014 haud
960 3974 1062 4015 uanus
1088 3955 1180 4014 nsr'.’'
1279 3952 1375 4030 (xxxi

163 4052 276 4112 Confer
297 4069 321 4110 5.
338 4049 417 4125 888.)

247 4147 330 4217 1158.
371 4144 506 4202 Donatus
534 4141 573 4201 ad
595 4141 726 4202 Terentii
746 4142 888 4221 Hecyram
908 4165 949 4221 111,
968 4147 988 4204 4
1008 4163 1037 4221 p.
1050 4145 1106 4203 380
1128 4142 1295 4218 “Imperite
1317 4142 1376 4200 Te·

164 4239 292 4301 rentium
314 4238 350 4296 dc
371 4236 509 4313 Myconio
530 4236 657 4312 crispum
684 4236 797 4297 dixisse
824 4240 920 4316 aiunt,
946 4256 1010 4300 cum
1032 4235 1236 4314 Apollodorus
1262 4238 1376 4309 calaum

244 4385 327 4442 1156.
369 4385 461 4444 Ι5555
482 4385 586 4443 1)5555
607 4394 638 4441 ct
657 4386 687 4442 di
707 4394 739 4443 te.

217 4511 241 4546 (l.
261 4512 376 4549 LUCILII
398 4513 586 4551 SATUBARUM.
1156 4481 1176 4547 9
