3044 5032
161 318 204 389 52
728 323 794 377 xvi

271 494 400 560 novisse
423 494 531 561 aicbat
552 495 648 580 solos,
672 493 735 578 'quo
759 494 799 560 de
822 493 927 578 magis
949 493 1028 559 istos

269 617 309 665 ox
331 595 439 663 nimbo
463 597 618 663 austellos
640 616 701 662 nec
722 616 818 664 nossa
841 616 901 662 nec
923 615 994 663 esse
1016 602 1139 681 putare.

267 809 339 876 ‘hoo
361 803 449 876 aliud
471 809 569 893 longe
591 810 649 877 cst’
671 809 775 895 inquit
798 810 853 894 qui
877 829 956 896 cepe
978 810 1115 876 serebat.

270 1085 279 1104 ,
621 1022 756 1108 Lysippi
779 1023 923 1107 Iuppiter
945 1023 1027 1087 istac

178 1134 228 1194 455
244 1131 245 1134 ’
264 1125 413 1192 transibit
435 1123 654 1208 quadraginta
677 1125 884 1191 cubita-altu’
910 1127 1061 1190 Tarento.

260 1341 296 1406 bi
320 1361 401 1423 quos
424 1337 558 1405 divitiae
580 1338 770 1423 producunt,
794 1343 826 1404 ct
848 1345 946 1422 caput
969 1343 1095 1421 ungunt

261 1442 463 1510 'horridulum
1112 1446 1114 1449 ’

268 1657 392 1739 legavit
415 1655 546 1739 quidam
568 1655 662 1719 uxori
685 1653 837 1720 mundum
860 1674 954 1718 omna
976 1673 1168 1737 penumque.

266 1760 343 1844 quid
365 1757 544 1823 mundum?
566 1756 643 1839 quid
665 1756 753 1821 non?
775 1777 851 1821 nam
873 1756 946 1839 quis
970 1754 1124 1820 diiudicet
1145 1755 1250 1820 istuc?

157 2079 209 2119 rex
237 2066 322 2118 ootus
350 2058 398 2117 ille
425 2059 494 2115 duos
517 2058 571 2116 hos
587 2074 813 2117 ...novissima
841 2056 942 2116 aicbat
967 2054 1073 2128 (olebat
1092 2052 1263 2127 Leidensis)
1292 2055 1368 2113 solos

157 2154 296 2227 nnmagis
376 2169 431 2210 nec
459 2170 525 2210 csse
551 2152 590 2227 (es
614 2149 785 2227 Leidensis)
813 2151 952 2226 putare’.”
1045 2150 1160 2208 Paulus
1185 2148 1262 2206 libro
1283 2168 1314 2207 iv
1333 2167 1368 2207 ex

157 2249 249 2307 Festo
270 2265 299 2321 p.
312 2247 350 2304 54
370 2243 532 2319 “Demugis
546 2263 600 2320 pro
616 2247 816 2321 minoslabm'a
830 2243 885 2301 viri
900 2243 991 2321 docti)
1008 2243 1121 2320 antiqui
1135 2243 1303 2302 dicebant.”

158 2339 343 2399 Glossarium
364 2337 522 2395 Philoxeni
541 2337 718 2413 “Demagis,
740 2336 913 2416 oportaw
1001 2337 1086 2395 Haec
1108 2336 1205 2395 omnia
1229 2337 1269 2397 ad
1293 2339 1368 2396 bunc

157 2451 245 2491 unum
266 2432 373 2490 Lucilii
393 2448 510 2489 versum
529 2434 687 2507 pertinent.

234 2528 300 2585 453.
341 2524 456 2583 Nonius
470 2543 500 2601 p.
512 2528 581 2597 201,
596 2529 614 2584 4
635 2524 740 2600 “Cepc
755 2524 872 2599 generis
888 2525 991 2582 neutri.
1013 2568 1058 2581 ...
1073 2523 1152 2581 idem
1171 2526 1222 2585 lib.
1235 2546 1289 2585 xrr
1304 2528 1367 2587 ‘boc

158 2617 369 2679 ...serebat’.”
447 2688 455 2699 ι

233 2711 300 2770 454.
340 2710 459 2770 Nonius
473 2731 503 2787 p.
513 2716 579 2785 201,
592 2715 627 2771 l'l
643 2711 793 2770 “Cubitus
809 2711 960 2770 masculini
972 2710 1103 2784 generis.
1129 2715 1222 2774 neutri
1235 2715 1368 2774 Lucilius

157 2812 320 2880 satyrarum
342 2804 462 2863 lib.xv1
483 2805 601 2881 ‘lysippi
623 2806 752 2881 iuppiter
772 2824 839 2860 isra
861 2810 990 2864 transivit
1003 2851 1009 2864 .
1022 2851 1028 2864 .
1041 2850 1047 2863 .
1059 2809 1212 2866 tarento’.”

231 2899 298 2956 456.
338 2894 367 2955 N
371 2899 455 2956 onius
470 2917 499 2974 p.
510 2901 577 2974 422,
589 2904 626 2958 33
641 2899 821 2958 “Horridum
834 2901 1004 2974 plerumque
1019 2907 1141 2958 exstans
1155 2909 1185 2960 et
1198 2906 1368 2978 prominens

154 2995 187 3051 et
200 2979 343 3049 ceruorum
358 2990 406 3068 (l).
428 3037 472 3051 ...
488 2994 621 3052 Lucilius
637 2999 801 3068 satyrarum
822 2994 872 3050 lib.
887 3012 939 3048 xvi
956 2990 1016 3049 ‘arr
1032 2994 1092 3069 (etit
1106 2994 1278 3074 Leidensis)
1294 3016 1368 3074 quos

155 3084 427 3144 ...horridulum'.”
906 3098 911 3109 '

234 3181 301 3238 458.
342 3176 456 3237 Gellius
477 3185 546 3253 rv,l
570 3179 732 3239 “Mundum
754 3198 870 3258 quoque
892 3180 1062 3238 muliebrem
1083 3179 1216 3240 Lucilius
1246 3185 1275 3242 in
1298 3186 1367 3245 sati-

153 3290 251 3332 rarum
272 3281 345 3330 eerto
367 3274 470 3355 dommo
492 3289 549 3330 non
573 3273 647 3332 virili
670 3294 794 3350 genera,
816 3283 847 3333 ut
868 3273 974 3346 ceteri,
1002 3273 1055 3331 sed
1076 3281 1181 3334 neutro
1203 3278 1368 3352 appellavit

155 3367 203 3426 bis
230 3365 375 3425 uersibus.
416 3365 596 3440 legavit...
618 3385 701 3426 omne
724 3369 928 3446 (additurque
949 3367 1045 3425 codex
1066 3366 1224 3444 Soboppii)
1245 3388 1366 3445 penum-

154 3478 211 3537 qne
226 3459 355 3535 ...quid
376 3478 518 3517 nonnam
539 3460 654 3536 (porrum
674 3480 728 3538 pro
748 3481 883 3520 boucam
905 3460 1002 3518 codex
1023 3459 1181 3537 Soboppii)
1203 3465 1270 3538 quis
1292 3466 1366 3524 diiu-

154 3555 235 3614 dicet
255 3553 316 3630 (qai
336 3555 440 3611 dividet
458 3552 549 3628 idem)
571 3555 703 3614 isthuc’.’'
795 3554 911 3614 Nonius
935 3572 964 3628 p.
983 3554 1049 3628 214,
1072 3553 1104 3612 ll
1128 3553 1284 3616 “Mundus
1305 3577 1367 3617 mn·

134 3678 136 3681 ·
152 3649 232 3708 lieris
248 3648 303 3724 (sio
319 3647 523 3721 Basileenscs)
537 3649 655 3722 generis
671 3649 835 3708 masculini.
867 3649 962 3708 neutri
976 3647 1110 3706 Lucilius
1130 3649 1181 3708 lib.
1201 3664 1273 3704 nvn
1284 3650 1367 3728 ‘lepor

154 3743 241 3801 uxori
260 3741 400 3800 mundum
422 3757 507 3800 omne
527 3742 730 3818 penumqnc'.’'

149 3988 273 4064 iungere
294 4007 360 4048 cnm
380 3988 522 4048 adverbio
542 3988 621 4065 quod
644 4006 702 4047 non
723 3988 905 4065 significaret
923 3991 1029 4050 locum.
1060 3991 1117 4049 iam
1135 3991 1206 4069 quia
1220 3993 1367 4069 syllabam

150 4067 298 4126 excidisse
320 4069 460 4143 apparet,
487 4071 559 4141 puto
582 4066 770 4126 scribendum
790 4085 856 4126 esse
882 4088 934 4144 quo
956 4069 989 4126 de
1013 4073 1116 4145 iuopia,
1137 4069 1219 4147 quod
1241 4069 1366 4130 Verrius

151 4143 280 4202 Flaccus
301 4144 451 4220 putaverit
472 4159 539 4201 csse
560 4162 613 4218 quo
627 4150 724 4221 iuopia,
745 4163 810 4204 cum
832 4145 955 4204 deberet
974 4145 1016 4204 ita
1034 4146 1231 4223 interpretari,
1253 4166 1313 4223 qna
1328 4148 1366 4206 de

149 4237 181 4279 rc
201 4223 296 4295 magis
317 4222 360 4281 itu
379 4221 495 4293 sentire,
517 4237 612 4295 neque
627 4239 715 4280 nosse
732 4240 763 4280 se
778 4240 829 4280 eos
844 4240 938 4298 neque
952 4228 1058 4297 putare
1073 4225 1192 4283 omnino
1208 4242 1285 4283 esse.

227 4300 293 4356 451.
333 4303 438 4369 acuisse
458 4296 570 4356 Iunius.
932 4317 934 4320 ⁴

224 4375 290 4432 456.
331 4377 373 4431 Hi
393 4396 461 4450 quoe
483 4374 593 4432 Iunius.
