3044 5032
625 332 789 369 PRAEFATIO
1289 334 1310 376 V

103 493 159 578 qui
187 511 272 556 nunc
293 490 425 573 legitur,
453 493 582 574 praeter
604 507 737 572 annum,
761 508 856 570 quem
878 487 933 553 ille
954 494 1121 573 posuerat,
1151 508 1309 581 noocnn,

103 666 184 729 quae
212 646 244 710 in
272 643 474 729 praefatione
500 660 681 707 memorare
709 641 807 709 vellet
829 642 1042 709 adnotaverat
1062 640 1143 706 hacc
1172 638 1236 704 ‘ubi
1257 659 1310 705 nc-

101 799 274 866 ccssarium
297 797 469 864 videbatur
491 815 604 861 comm.
628 794 661 858 in
682 795 774 860 Luor.
795 795 1067 862 commemoravi:
1098 798 1164 857 tam
1187 790 1311 858 fervide

101 948 228 1034 tamque
259 955 365 1016 cortus
395 948 441 1013 rei
469 940 614 1032 protinus
640 948 854 1033 perficiendae
881 946 1081 1032 aliquamdiu
1108 945 1169 1011 hoc
1194 945 1312 1011 edendi

101 1104 273 1169 consilium
304 1100 499 1182 agitaverat,
528 1097 603 1163 dein
630 1100 738 1164 nescio
761 1120 827 1184 qua
848 1121 947 1167 causa
969 1101 1136 1182 omissum,
1163 1118 1223 1164 nec
1245 1119 1311 1163 um-

102 1273 200 1337 quam
235 1257 350 1338 postea
384 1250 430 1315 uti
448 1250 590 1317 ‘videtur
622 1261 828 1340 resumptum.
884 1257 1058 1320 Praeterea
1089 1258 1217 1337 praesto
1252 1251 1312 1319 fuit

102 1405 233 1492 Hauptii
263 1404 427 1488 exemplar
449 1404 565 1469 Lucilii
590 1406 811 1492 Gerlachiani,
840 1407 872 1471 in
900 1407 990 1471 cuius
1019 1407 1217 1491 marginibus
1240 1429 1310 1474 cum

101 1561 167 1625 alia
199 1559 243 1623 ad
274 1558 358 1623 hanc
391 1577 458 1624 rem
478 1558 682 1643 ,pertinentia
713 1566 780 1626 tum
813 1562 1012 1627 coniecturas
1044 1560 1201 1643 quasdam
1234 1581 1310 1626 suas

101 1712 314 1779 adnotaverat
346 1710 434 1776 velut
466 1731 497 1776 v.
513 1712 575 1776 678
609 1721 667 1776 tete
693 1715 858 1778 abstuleris
891 1720 923 1781 et
955 1736 1103 1780 versuum
1133 1716 1310 1782 152-159

101 1866 357 1932 distributionem
396 1864 652 1948 scripturamque
691 1882 780 1947 eam,
821 1885 904 1949 quae
943 1888 1028 1932 nunc
1061 1888 1079 1933 c
1113 1869 1309 1934 Lachmanni

100 2018 227 2099 schedis
249 2017 371 2085 editur:
409 2017 467 2082 sed
494 2018 668 2103 praecipue
697 2038 736 2084 eo
765 2039 843 2097 usus
870 2027 938 2086 erat
965 2022 1112 2106 exemplo
1136 2021 1178 2085 ad
1201 2020 1310 2105 explo-

100 2173 235 2237 randum
275 2171 445 2254 ecquinam
478 2172 594 2236 Lucilii
631 2191 743 2238 versus
779 2172 813 2237 in
847 2171 1044 2237 Lachmanni
1080 2173 1209 2237 schedis
1245 2192 1309 2236 non

99 2331 309 2409 apparerent,
337 2324 568 2409 apparentibus
591 2326 623 2388 in
649 2325 707 2390 illo
730 2325 812 2390 libro
836 2325 1110 2417 lincolannotatis,
1142 2326 1309 2423 additurus

97 2481 167 2564 ipse
193 2479 220 2543 si
243 2477 321 2562 quid
344 2497 364 2541 a
386 2476 594 2542 Lachmanno
617 2479 775 2563 reliquum
799 2478 918 2543 factum
941 2484 1112 2545 constaret.

183 2633 301 2696 Ve1um
331 2631 540 2715 apographon
572 2630 654 2695 illud
686 2652 756 2696 cum
790 2652 854 2696 non
887 2652 944 2716 per
971 2651 1082 2697 omnes
1111 2631 1309 2697 Lachmanni

102 2784 240 2850 schedas
277 2782 451 2868 pertineret
483 2784 541 2850 sed
579 2785 842 2868 complecteretur
876 2790 997 2849 tantum
1028 2803 1140 2850 versus
1174 2783 1309 2864 singulis

99 2937 188 3002 libris
220 2935 398 3022 adscriptos
432 2945 463 3004 et
499 2939 692 3003 incertorum
721 2936 781 3001 hac
808 2936 1016 3022 inscriptione
1046 2937 1133 3002 lacta
1160 2936 1308 3001 ‘1—xxv.

98 3092 172 3153 xxx'
206 3110 318 3155 versus
346 3092 561 3173 cuc-1020,
594 3088 655 3155 hoc
686 3092 824 3174 primum
853 3110 959 3154 meum
990 3097 1073 3174 crat,
1108 3090 1235 3173 reliqua
1268 3112 1308 3157 cx

97 3243 297 3310 Lachmanni
326 3241 454 3307 schedis
479 3242 639 3307 adiicere:
676 3249 773 3325 atque
796 3243 918 3329 incerta
939 3243 1019 3308 haec
1042 3263 1105 3307 non
1128 3250 1229 3310 metro
1251 3245 1309 3310 sed

95 3396 177 3461 libro
202 3395 385 3477 fragmenta
406 3394 558 3460 bifariam
580 3393 723 3479 disposui
744 3395 799 3479 ita,
823 3402 857 3461 ut
872 3416 984 3461 versus
1000 3395 1178 3481 dactylicos
1194 3399 1307 3464 eodem

96 3547 205 3612 indice
235 3549 453 3640 continuarem
480 3548 544 3613 illis
572 3568 653 3630 quos
675 3547 848 3634 Hauptium
871 3548 936 3612 iam
959 3567 1113 3614 exarasse
1135 3547 1217 3634 dixi,
1245 3556 1308 3614 tro-

96 3699 224 3764 chaicos
253 3704 362 3764 autem
384 3705 416 3766 ct
439 3699 596 3766 iambicos
624 3701 685 3766 hac
711 3700 920 3784 inscriptione
948 3700 1200 3766 ‘xxvi—xxvnu’
1226 3722 1307 3768 com·

96 3852 273 3936 prehensos
301 3853 383 3919 libro
405 3875 524 3917 xxvnn
547 3853 747 3922 subiicerem.
792 3856 857 3922 Sed
879 3857 1056 3922 hexametri
1078 3856 1125 3921 illi
1149 3876 1220 3921 cum
1242 3875 1308 3920 non

97 4024 209 4072 omnes
236 4005 331 4072 unius
359 3965 489 4089 generis
517 4010 634 4094 partim
656 4009 727 4074 sine
749 4008 822 4073 libri
847 4029 980 4073 numero
1002 4007 1170 4072 tradantur
1191 4008 1308 4092 partim

95 4119 214 4241 signati
249 4178 382 4225 numero
418 4162 476 4228 sed
510 4163 609 4249 falso,
645 4164 720 4229 item
753 4162 883 4228 iambici
915 4166 947 4226 et
974 4160 1127 4225 trochaici
1153 4182 1308 4227 versura

94 4313 313 4394 grammaticis
343 4319 400 4379 aut
429 4316 518 4381 nulla
544 4317 617 4382 libri
646 4321 723 4380 nota
746 4322 801 4382 aut
822 4336 926 4401 prava
949 4315 1174 4400 designentur,
1207 4315 1306 4380 Lach·
1388 4314 1391 4320 '
