3044 5032
152 308 212 374 106
613 324 616 329 ·
712 304 791 354 XXX

253 477 334 542 haec
356 481 390 540 tu
412 495 463 540 me
485 473 675 539 insimulans
697 492 803 537 nonne
826 477 901 538 ante
923 472 957 538 in
980 471 1078 539 corde
1099 472 1257 540 volutas?

253 681 363 749 Calvu'
387 680 536 747 Palatina
556 679 697 762 quidam,
720 679 770 745 vir
791 700 856 744 non
877 679 971 745 bonu’
995 678 1092 763 bello,

167 895 213 955 975
260 885 379 975 [sensu]
403 886 570 952 nutricatu'
597 883 691 973 [sine]
717 890 812 971 caput
834 883 986 971 opprimit
1006 884 1087 970 ipse.

255 1093 334 1181 quid
358 1091 445 1178 darc,
468 1091 546 1176 quid
568 1094 687 1178 sumpti
708 1091 816 1158 facere
838 1110 877 1157 ac
897 1091 1056 1177 praebere
1077 1091 1221 1178 potisset.

255 1301 380 1368 inberbi
403 1299 596 1384 androgyni,
619 1299 745 1365 barbati
768 1296 1040 1383 moechooinaedi,

255 1506 405 1573 Maximu’
427 1507 456 1572 si
478 1506 603 1588 argenti
625 1510 805 1573 sescentum
828 1524 867 1571 ac
888 1503 977 1571 mille
1000 1503 1140 1591 reliquit,

258 1686 359 1779 nolito
382 1712 441 1778 tibi
463 1733 514 1778 me
536 1712 621 1777 male
644 1710 751 1777 dicere
772 1730 869 1796 posse
891 1715 1013 1797 putare.

165 1926 217 1985 iub
255 1924 312 1985 aut
334 1938 405 1983 cum
428 1919 489 1983 iter
511 1924 561 1983 est
583 1918 692 2001 aliquo
715 1924 747 1984 et
770 1937 901 1983 causam
923 1922 1093 1982 conmenta
1115 1917 1194 2002 viai,

256 2027 311 2086 aut
333 2019 421 2106 apud
444 2020 616 2106 aurificem,
639 2019 682 2086 ad
704 2025 847 2105 matrem,
872 2024 1044 2102 cognatam
1067 2019 1111 2084 ad
1133 2019 1283 2107 amicam,
1322 2093 1326 2098 ,

256 2129 312 2190 aut
334 2129 500 2209 operatum
523 2124 631 2207 aliquo
655 2123 772 2191 celebri
795 2141 866 2188 cum
889 2120 1070 2205 aequalibu'
1094 2122 1184 2208 fano,

227 2353 292 2414 973.
333 2353 447 2412 Nonius
469 2356 620 2432 p.4ac,25
642 2354 821 2427 “Volutare,
844 2355 1026 2431 cogitatione
1040 2354 1220 2432 perquirere.
1306 2357 1367 2417 Lu·

150 2450 234 2509 cilius
255 2450 305 2508 lib.
318 2467 383 2505 xxx
404 2447 487 2507 ‘haec
502 2495 508 2507 .
521 2496 527 2508 .
541 2496 547 2508 .
559 2467 716 2507 rnsrnrnns
731 2496 737 2508 .
751 2496 757 2509 .
771 2497 777 2509 .
790 2451 944 2510 volutas'.”

226 2540 291 2602 974.
331 2541 447 2601 Nonius
468 2541 617 2619 pacari
641 2542 766 2602 “Bonus
788 2548 818 2602 et
837 2545 921 2604 fortis
943 2547 974 2603 et
993 2543 1060 2620 pius
1082 2541 1140 2602 dici
1160 2547 1272 2619 potest.
1305 2543 1367 2604 Lu·

150 2636 232 2695 cilius
254 2637 304 2695 lib.
320 2655 385 2692 xxx
405 2636 519 2696 ‘calvus
540 2654 738 2694 raccaurrno
760 2638 882 2716 quidam
902 2639 946 2699 vir
966 2654 1087 2695 romnis
1107 2637 1205 2697 bonus
1226 2638 1349 2699 bello’.’'

225 2728 290 2790 cis.
331 2729 448 2791 Nonius
469 2752 499 2810 p.
513 2732 580 2807 478,
601 2734 638 2791 26
665 2731 833 2809 “[Nutritur
854 2733 898 2814 et]
925 2732 1089 2792 nutricatur
1112 2748 1167 2807 pro
1196 2732 1304 2809 [nutrit
1325 2734 1367 2812 et]

150 2825 286 2884 nutricat.
308 2871 351 2884 ...
366 2824 501 2886 Lucilius
521 2826 572 2886 lib.
587 2844 653 2883 xxx
674 2825 774 2886 ‘sensu
794 2827 959 2888 nitricatuor
980 2827 1044 2887 sine
1059 2824 1218 2901 ...ipse'.”

227 2921 293 2982 976.
332 2920 448 2979 Nonius
469 2923 572 2999 plat,
583 2923 620 2982 30
641 2920 782 2999 “Sumpti
794 2939 849 2999 pro
864 2927 1007 2999 sumptus.
1030 2919 1229 2981 ...Lucilius
1243 2920 1370 2983 llb.xxx

152 3018 236 3095 ‘quid
250 3063 256 3076 .
270 3063 276 3075 .
289 3062 294 3075 .
307 3015 470 3091 potisset'.’'

228 3109 293 3170 ott.
334 3108 450 3168 Nonius
471 3110 576 3187 paca,
591 3111 627 3168 26
650 3108 792 3168 “Invarbi
812 3127 866 3185 pro
887 3107 1017 3169 inverbis
1040 3111 1194 3184 (inberbes).
1228 3112 1368 3176 Lucilius

150 3209 201 3268 lib.
216 3223 283 3263 xxx
303 3203 471 3280 inarimos
492 3204 517 3263 si
537 3202 674 3279 argento]
695 3204 799 3261 incurba·
813 3248 819 3261 .
833 3248 839 3261 .
854 3249 860 3262 .
873 3202 1130 3263 moechocincdi’.''

227 3298 292 3360 9t8.
333 3297 449 3356 Nonius
465 3298 567 3374 p.493,
581 3299 617 3355 31
640 3295 836 3356 “Sescentnm
851 3314 906 3374 pro
927 3305 1137 3359 sescentorum.
1162 3299 1301 3361 Lucilius
1317 3302 1369 3362 lib.

151 3417 214 3456 xxx
234 3394 388 3454 ‘maximus
410 3391 434 3451 si
454 3409 610 3449 ancnoris
631 3392 751 3468 (cryeon
771 3391 841 3450 olim
859 3391 1009 3470 impressi)
1024 3439 1031 3453 .
1046 3394 1240 3472 ..reliqnit’.''

228 3486 293 3548 otc.
333 3486 448 3546 Nonius
469 3487 621 3564 p.505,2o
637 3485 766 3560 *Nolito
787 3503 842 3563 pro
862 3487 930 3546 noli.
962 3487 1098 3550 Lucilius
1118 3489 1169 3550 lib.
1177 3507 1243 3546 xxx
1263 3488 1371 3550 ‘nolito

156 3629 162 3642 .
176 3630 182 3642 .
197 3582 353 3659 ,putare'.”

229 3678 294 3735 980.
334 3674 450 3735 Nonius
471 3676 575 3752 psaa,
590 3677 624 3734 19
646 3675 768 3752 “Apud,
789 3677 835 3736 ad.
863 3675 997 3736 Lucilius
1017 3677 1066 3737 lib.
1075 3696 1139 3735 xxx
1159 3677 1222 3736 ‘aut
1242 3696 1310 3739 cum

152 3775 308 3831 conmenta
334 3788 364 3826 vr
392 3773 444 3829 aut
471 3770 551 3845 apud
572 3769 788 3830 ...amicam'.'’

151 3866 237 3926 Idem
251 3864 354 3941 p.523‚
367 3865 401 3922 18
424 3863 570 3942 “Operari
592 3870 638 3924 est
659 3864 732 3925 deos
756 3867 896 3942 religiose
917 3872 948 3926 et
967 3885 1034 3926 curn
1048 3883 1163 3927 summa
1177 3868 1369 3929 veneratione

151 3958 305 4021 sacrificiis
326 3958 421 4035 litare,
442 3960 490 4018 vel
512 3958 668 4018 convivari.
751 3961 885 4023 Lucilius
899 3949 1101 4039 lib.xxx‚‘ant
1121 3979 1245 4020 cruror
1267 3961 1369 4039 aliquo

151 4054 250 4132 (addit
269 4059 298 4112 tra
318 4053 493 4131 Leidensis)
511 4052 672 4115 ...fano'.'’

155 4206 365 4218 uua-”nno—

228 4288 294 4349 974.
335 4291 471 4348 Palatino
492 4289 654 4349 Fruterius.
754 4288 874 4350 *Ocni
892 4288 1041 4349 commin
1063 4288 1153 4348 Lucr.
1176 4304 1205 4366 p.
1219 4284 1268 4348 37.

231 4369 294 4429 980.
338 4371 396 4426 cici
417 4366 548 4444 Lipsius.
684 4365 688 4373 '
