3044 5032
653 331 683 380 11

174 501 208 559 ut
229 498 425 564 lurcharetur
447 499 574 564 lardum
598 505 629 566 et
651 500 809 585 carnaria,
832 501 941 570 furtim

172 605 299 683 parturn
323 599 514 667 conficeret?

235 856 238 862 ,
581 806 587 821 ’
673 789 832 857 hostilibu'
861 799 975 858 contra

101 904 135 962 5⁰
174 895 298 975 pestem
320 892 569 977 perniciemque,
594 900 687 959 catax
710 915 807 979 quam
830 901 861 960 et
882 895 1013 960 Manliu'
1036 897 1130 962 nobis

350 1085 352 1089 ’
469 1079 525 1145 rix
547 1080 622 1146 vivo
646 1080 766 1148 homiui
789 1098 827 1150 ao
847 1099 1102 1167 monogrammo.

129 1335 133 1342 ,
619 1271 647 1338 si
669 1270 799 1336 natibus
820 1273 976 1339 natricem

172 1369 325 1452 inpressit
347 1391 492 1438 crassam
515 1381 547 1439 et
568 1374 742 1461 capitatam

518 1563 550 1627 in
573 1565 705 1646 bulgam
728 1567 897 1647 penetrare
918 1562 1057 1648 pilosam

100 1760 131 1817 ⁵5
459 1769 520 1833 ego
543 1770 626 1834 quae
648 1769 734 1814 nunc
755 1748 895 1815 Aemilio
918 1770 997 1833 prae

131 1929 133 1933 y
172 1856 265 1915 canto
287 1856 385 1936 atque
408 1851 505 1936 exigo
528 1858 560 1917 et
583 1860 729 1920 excanta

170 2058 256 2102 nunc
276 2060 394 2106 nomen
417 2040 580 2125 vitamque
603 2059 644 2106 ex
665 2040 800 2107 testibus
823 2041 892 2124 ipsc
914 2040 1059 2123 rogando

172 2142 316 2227 exculpo.
339 2142 420 2208 haec
442 2142 558 2209 dicam.

139 2460 186 2518 49,
227 2459 345 2517 Nonius
366 2477 395 2536 p.
408 2462 455 2534 25,
472 2462 507 2518 19
529 2458 651 2520 “Colax
672 2459 779 2519 dicitur
800 2477 887 2536 quem
909 2478 987 2520 nunc
1000 2478 1144 2521 coxouem
1160 2468 1275 2522 vocant.

63 2554 195 2613 Lucilius
217 2559 381 2629 satyrarum
396 2573 418 2610 u
440 2554 606 2615 ‘hostilibus
696 2554 817 2613 nobis'.’'
894 2554 980 2616 Idem
1001 2558 1160 2631 p.218,32
1181 2557 1275 2615 “Pcr-

46 2640 149 2708 'nitics
175 2649 292 2724 generis
319 2649 458 2708 feminini.
499 2648 632 2709 Lucilius
658 2655 822 2725 satyrarum
848 2648 897 2708 lib.
915 2669 937 2705 11
964 2649 1088 2726 ‘pestem
1108 2651 1275 2728 pernitiem-

64 2761 120 2820 que
207 2742 339 2803 noviac'.'’
512 2729 514 2734 ¹

69 2910 73 2915 .
142 2840 188 2895 51.
229 2836 345 2895 Nonius
365 2835 460 2914 p.3l,
483 2839 520 2895 14
553 2836 790 2910 “Monogrammi
821 2835 893 2894 dicti
922 2843 989 2896 sunt
1017 2837 1151 2897 homines
1183 2839 1276 2898 macie

64 2936 223 3007 pertenues
245 2948 279 2988 aa
300 2930 463 2992 decolores.
486 2938 611 2992 tractum
632 2950 650 2989 a
670 2931 795 3007 pictura,
817 2948 893 3008 quae
914 2931 994 3009 prius
1016 2950 1105 3010 quam
1126 2933 1276 2992 coloribus

65 3030 242 3101 corporatur
267 3026 369 3084 umbra
395 3026 523 3101 fingitur.
567 3026 700 3085 Lucilius
721 3025 771 3085 lib.
788 3045 809 3081 11
837 3025 897 3085 ‘vix
918 3027 984 3086 rivo
1006 3026 1081 3103 (cino
1103 3026 1276 3104 Guelferby-

63 3119 165 3196 tanus)
188 3166 230 3180 ...
252 3122 491 3195 monogrammo'.
518 3167 524 3181 .
538 3168 544 3180 .
558 3121 581 3180 .''

141 3217 186 3274 52.
226 3214 342 3275 Nonius
369 3234 398 3292 p.
413 3218 463 3284 65,
483 3217 521 3274 29
553 3213 712 3273 “Natriccs
744 3214 880 3275 dicuntur
910 3233 1023 3292 angues
1054 3221 1158 3275 natant
1178 3232 1201 3274 s.

63 3310 197 3369 Lucilius
220 3315 385 3370 saturarum
397 3310 456 3368 lib.
471 3328 493 3365 11
514 3308 550 3368 ‘si
636 3308 832 3384 capitatam'.”

142 3407 186 3464 54.
227 3404 344 3463 Nonius
364 3421 393 3478 p.
412 3402 476 3475 187,
498 3406 533 3461 18
559 3400 691 3477 “Vulga,
712 3402 864 3477 capacitas
886 3404 933 3462 vel
955 3403 1036 3461 sinus
1058 3421 1124 3462 cum
1144 3403 1277 3463 laxitate.

67 3499 200 3559 Lucilius
223 3498 273 3555 lib.
288 3515 309 3552 11
330 3496 369 3554 ‘in
388 3500 500 3574 colpam
519 3500 675 3574 penetrare
695 3496 838 3573 pilosam'.
861 3496 924 3556 ...'’

143 3595 188 3651 55.
229 3589 345 3649 Nonius
366 3608 395 3665 p.
410 3592 518 3663 102,9
549 3590 741 3650 “Excantare
768 3590 918 3664 siguificat
942 3593 1109 3652 excludere.
1151 3593 1278 3651 Plautus

64 3685 267 3748 Bacchidibus
288 3683 375 3758 nam,
397 3681 496 3758 credo,
518 3685 610 3744 cuivis
632 3690 792 3744 excantare
814 3702 865 3743 cor
885 3686 1002 3761 potest'.
1043 3685 1176 3745 Lucilius
1199 3692 1277 3762 saty-

65 3800 164 3843 rarum
187 3780 237 3839 lib.
252 3799 273 3836 n
299 3777 390 3838 ‘curu
417 3795 476 3836 sao
502 3797 578 3839 nune
668 3778 813 3838 excanto'.
854 3777 951 3839 Varro
978 3780 1192 3840 Eumenidibus
1220 3779 1280 3838 ‘ubi

66 3876 168 3934 vident
188 3892 219 3932 sc
241 3873 390 3933 cautando
412 3890 450 3931 ex
471 3889 523 3933 ara
545 3881 704 3934 excantare
726 3891 785 3932 nou
805 3891 906 3951 posse,
927 3873 1061 3951 deripere
1075 3872 1254 3951 incipiunt'.'’

144 3969 190 4030 st.
232 3968 349 4028 Nonius
370 3987 399 4045 p.
417 3969 485 4044 102,
508 3969 545 4026 20
576 3966 765 4045 “Exeulpere
791 3973 837 4026 cst
862 3973 1047 4045 extorquere.
1146 3965 1279 4024 Lucilius

66 4071 229 4142 satyrarum
250 4064 301 4123 lib.
317 4084 338 4122 u
360 4062 447 4122 'nunc
469 4079 576 4121 nomen
596 4081 716 4123 rancun
807 4061 938 4121 dicam’.''

66 4246 107 4307 ibi
124 4245 260 4320 Scaliger
282 4244 398 4303 Lucilio
422 4245 555 4302 mutinum
575 4235 785 4320 φυλακτήριον
805 4242 852 4302 vel
873 4232 1104 4320 προβασκάνιον
1124 4255 1191 4298 csse
1211 4255 1280 4298 con·

66 4324 171 4396 tendit,
190 4323 327 4399 idemque
349 4321 453 4380 scribit
472 4322 647 4396 retractoque
667 4324 754 4397 apoc.
1048 4328 1050 4332 '

142 4399 188 4460 47.
222 4404 325 4477 fortior
345 4398 513 4459 Turnebus.
