<?xml version="1.0" encoding="UTF-8"?>
<!DOCTYPE html PUBLIC "-//W3C//DTD XHTML 1.0 Transitional//EN"
    "http://www.w3.org/TR/xhtml1/DTD/xhtml1-transitional.dtd">
<html xmlns="http://www.w3.org/1999/xhtml" xml:lang="en" lang="en">
 <head>
  <title>
</title>
<meta http-equiv="Content-Type" content="text/html;charset=utf-8" />
  <meta name='ocr-system' content='tesseract 3.04.00' />
  <meta name='ocr-capabilities' content='ocr_page ocr_carea ocr_par ocr_line ocrx_word'/>
</head>
<body>
  <div class='ocr_page' id='page_1' title='image "./saturarum01lucigoog_0060.png"; bbox 0 0 3044 5032; ppageno 0'>
   <div class='ocr_carea' id='block_1_1' title="bbox 735 338 788 390">
    <p class='ocr_par' dir='ltr' id='par_1_1' title="bbox 735 338 788 390">
     <span class='ocr_line' id='line_1_1' title="bbox 735 338 788 390; baseline 0 0"><span class='ocrx_word' id='word_1_1' title='bbox 735 338 788 390; x_wconf 83' lang='lat' dir='ltr'><strong>XV</strong></span> 
     </span>
    </p>
   </div>
   <div class='ocr_carea' id='block_1_2' title="bbox 261 505 1256 692">
    <p class='ocr_par' dir='ltr' id='par_1_2' title="bbox 261 505 1256 692">
     <span class='ocr_line' id='line_1_2' title="bbox 263 505 1256 593; baseline 0.002 -21"><span class='ocrx_word' id='word_1_2' title='bbox 263 505 489 572; x_wconf 75' lang='lat' dir='ltr'><strong>naumachiam</strong></span> <span class='ocrx_word' id='word_1_3' title='bbox 510 506 586 573; x_wconf 94' lang='lat' dir='ltr'><strong>licet</strong></span> <span class='ocrx_word' id='word_1_4' title='bbox 606 506 696 592; x_wconf 91' lang='lat' dir='ltr'><strong>haec,</strong></span> <span class='ocrx_word' id='word_1_5' title='bbox 719 505 862 591; x_wconf 88' lang='lat' dir='ltr'><strong>inquam,</strong></span> <span class='ocrx_word' id='word_1_6' title='bbox 886 507 1110 592; x_wconf 85' lang='lat' dir='ltr'><strong>alveolumque</strong></span> <span class='ocrx_word' id='word_1_7' title='bbox 1132 513 1256 593; x_wconf 90' lang='lat' dir='ltr'><strong>putare.</strong></span> 
     </span>
     <span class='ocr_line' id='line_1_3' title="bbox 261 606 1046 692; baseline 0 -18"><span class='ocrx_word' id='word_1_8' title='bbox 261 608 378 674; x_wconf 88' lang='lat' dir='ltr'><strong>calceis</strong></span> <span class='ocrx_word' id='word_1_9' title='bbox 400 609 541 676; x_wconf 88' lang='lat' dir='ltr'><strong>delectes</strong></span> <span class='ocrx_word' id='word_1_10' title='bbox 563 613 610 692; x_wconf 91' lang='lat' dir='ltr'><strong>te,</strong></span> <span class='ocrx_word' id='word_1_11' title='bbox 634 606 701 673; x_wconf 93' lang='lat' dir='ltr'><strong>hilo</strong></span> <span class='ocrx_word' id='word_1_12' title='bbox 722 629 788 674; x_wconf 91' lang='lat' dir='ltr'><strong>uon</strong></span> <span class='ocrx_word' id='word_1_13' title='bbox 810 610 919 676; x_wconf 90' lang='lat' dir='ltr'><strong>rectiu’</strong></span> <span class='ocrx_word' id='word_1_14' title='bbox 943 610 1046 676; x_wconf 82' lang='lat' dir='ltr'><strong>vivas.</strong></span> 
     </span>
    </p>
   </div>
   <div class='ocr_carea' id='block_1_3' title="bbox 262 763 1120 950">
    <p class='ocr_par' dir='ltr' id='par_1_3' title="bbox 262 763 1120 950">
     <span class='ocr_line' id='line_1_4' title="bbox 263 763 1120 850; baseline -0.001 -20"><span class='ocrx_word' id='word_1_15' title='bbox 263 782 340 830; x_wconf 93' lang='lat' dir='ltr'><strong>num</strong></span> <span class='ocrx_word' id='word_1_16' title='bbox 362 770 455 832; x_wconf 90' lang='lat' dir='ltr'><strong>vetus</strong></span> <span class='ocrx_word' id='word_1_17' title='bbox 477 764 533 829; x_wconf 91' lang='lat' dir='ltr'><strong>ille</strong></span> <span class='ocrx_word' id='word_1_18' title='bbox 556 763 677 829; x_wconf 83' lang='lat' dir='ltr'><strong>Catoni’</strong></span> <span class='ocrx_word' id='word_1_19' title='bbox 700 765 871 830; x_wconf 75' lang='lat' dir='ltr'><strong>lacessisse</strong></span> <span class='ocrx_word' id='word_1_20' title='bbox 891 765 1016 850; x_wconf 87' lang='lat' dir='ltr'><strong>Apulus</strong></span> <span class='ocrx_word' id='word_1_21' title='bbox 1038 765 1120 830; x_wconf 90' lang='lat' dir='ltr'><strong>iram</strong></span> 
     </span>
     <span class='ocr_line' id='line_1_5' title="bbox 262 865 776 950; baseline -0.002 -20"><span class='ocrx_word' id='word_1_22' title='bbox 262 866 398 931; x_wconf 88' lang='lat' dir='ltr'><strong>consciu’</strong></span> <span class='ocrx_word' id='word_1_23' title='bbox 422 886 488 931; x_wconf 91' lang='lat' dir='ltr'><strong>non</strong></span> <span class='ocrx_word' id='word_1_24' title='bbox 509 871 579 932; x_wconf 87' lang='lat' dir='ltr'><strong>erat</strong></span> <span class='ocrx_word' id='word_1_25' title='bbox 600 866 671 950; x_wconf 89' lang='lat' dir='ltr'><strong>ipse</strong></span> <span class='ocrx_word' id='word_1_26' title='bbox 693 865 776 932; x_wconf 81' lang='lat' dir='ltr'><strong>sibi?</strong></span> 
     </span>
    </p>
   </div>
   <div class='ocr_carea' id='block_1_4' title="bbox 175 1020 1195 1193">
    <p class='ocr_par' dir='ltr' id='par_1_4' title="bbox 175 1020 1195 1193">
     <span class='ocr_line' id='line_1_6' title="bbox 175 1020 1195 1108; baseline 0.003 -21"><span class='ocrx_word' id='word_1_27' title='bbox 175 1026 238 1087; x_wconf 65' lang='grc' dir='ltr'><strong>4οΨ</strong></span> <span class='ocrx_word' id='word_1_28' title='bbox 266 1021 296 1085; x_wconf 92' lang='lat' dir='ltr'><strong>si</strong></span> <span class='ocrx_word' id='word_1_29' title='bbox 317 1021 395 1086; x_wconf 90' lang='lat' dir='ltr'><strong>mihi</strong></span> <span class='ocrx_word' id='word_1_30' title='bbox 416 1039 482 1086; x_wconf 90' lang='lat' dir='ltr'><strong>non</strong></span> <span class='ocrx_word' id='word_1_31' title='bbox 504 1027 635 1105; x_wconf 89' lang='lat' dir='ltr'><strong>praetor</strong></span> <span class='ocrx_word' id='word_1_32' title='bbox 656 1020 717 1086; x_wconf 93' lang='lat' dir='ltr'><strong>siet</strong></span> <span class='ocrx_word' id='word_1_33' title='bbox 739 1021 868 1087; x_wconf 90' lang='lat' dir='ltr'><strong>additus</strong></span> <span class='ocrx_word' id='word_1_34' title='bbox 892 1030 986 1107; x_wconf 88' lang='lat' dir='ltr'><strong>atque</strong></span> <span class='ocrx_word' id='word_1_35' title='bbox 1009 1026 1109 1108; x_wconf 84' lang='lat' dir='ltr'><strong>agitet</strong></span> <span class='ocrx_word' id='word_1_36' title='bbox 1130 1045 1195 1093; x_wconf 90' lang='lat' dir='ltr'><strong>me:</strong></span> 
     </span>
     <span class='ocr_line' id='line_1_7' title="bbox 262 1123 1125 1193; baseline 0.002 -5"><span class='ocrx_word' id='word_1_37' title='bbox 262 1142 328 1188; x_wconf 94' lang='lat' dir='ltr'><strong>nou</strong></span> <span class='ocrx_word' id='word_1_38' title='bbox 350 1124 433 1188; x_wconf 89' lang='lat' dir='ltr'><strong>male</strong></span> <span class='ocrx_word' id='word_1_39' title='bbox 456 1124 503 1189; x_wconf 93' lang='lat' dir='ltr'><strong>sic</strong></span> <span class='ocrx_word' id='word_1_40' title='bbox 524 1124 579 1187; x_wconf 91' lang='lat' dir='ltr'><strong>ille</strong></span> <span class='ocrx_word' id='word_1_41' title='bbox 601 1129 636 1187; x_wconf 94' lang='lat' dir='ltr'><strong>ut</strong></span> <span class='ocrx_word' id='word_1_42' title='bbox 657 1123 729 1188; x_wconf 93' lang='lat' dir='ltr'><strong>dico</strong></span> <span class='ocrx_word' id='word_1_43' title='bbox 752 1144 803 1189; x_wconf 92' lang='lat' dir='ltr'><strong>me</strong></span> <span class='ocrx_word' id='word_1_44' title='bbox 824 1127 1013 1192; x_wconf 83' lang='lat' dir='ltr'><strong>extenderat</strong></span> <span class='ocrx_word' id='word_1_45' title='bbox 1034 1147 1125 1193; x_wconf 90' lang='lat' dir='ltr'><strong>uuus.</strong></span> 
     </span>
    </p>
   </div>
   <div class='ocr_carea' id='block_1_5' title="bbox 118 1482 1135 1873">
    <p class='ocr_par' dir='ltr' id='par_1_5' title="bbox 118 1482 1135 1873">
     <span class='ocr_line' id='line_1_8' title="bbox 174 1482 1048 1568; baseline 0.003 -20"><span class='ocrx_word' id='word_1_46' title='bbox 174 1490 222 1550; x_wconf 77' lang='lat'><strong>41⁰</strong></span> <span class='ocrx_word' id='word_1_47' title='bbox 260 1483 427 1548; x_wconf 82' lang='lat' dir='ltr'><strong>terriculas</strong></span> <span class='ocrx_word' id='word_1_48' title='bbox 450 1482 591 1566; x_wconf 87' lang='lat' dir='ltr'><strong>Lamias,</strong></span> <span class='ocrx_word' id='word_1_49' title='bbox 616 1483 706 1548; x_wconf 82' lang='lat' dir='ltr'><strong>launi</strong></span> <span class='ocrx_word' id='word_1_50' title='bbox 730 1504 811 1568; x_wconf 89' lang='lat' dir='ltr'><strong>quas</strong></span> <span class='ocrx_word' id='word_1_51' title='bbox 833 1485 1048 1568; x_wconf 86' lang='lat' dir='ltr'><strong>Pompiliique</strong></span> 
     </span>
     <span class='ocr_line' id='line_1_9' title="bbox 118 1579 1135 1676; baseline 0.002 -27"><span class='ocrx_word' id='word_1_52' title='bbox 118 1579 120 1583; x_wconf 70' lang='grc'>’</span> <span class='ocrx_word' id='word_1_53' title='bbox 262 1586 428 1650; x_wconf 90' lang='lat' dir='ltr'><strong>instituere</strong></span> <span class='ocrx_word' id='word_1_54' title='bbox 451 1586 587 1668; x_wconf 84' lang='lat' dir='ltr'><strong>Numae,</strong></span> <span class='ocrx_word' id='word_1_55' title='bbox 611 1587 719 1676; x_wconf 81' lang='lat' dir='ltr'><strong>tremit</strong></span> <span class='ocrx_word' id='word_1_56' title='bbox 740 1584 810 1669; x_wconf 92' lang='lat' dir='ltr'><strong>has,</strong></span> <span class='ocrx_word' id='word_1_57' title='bbox 834 1585 885 1649; x_wconf 90' lang='lat' dir='ltr'><strong>hic</strong></span> <span class='ocrx_word' id='word_1_58' title='bbox 907 1587 1014 1651; x_wconf 91' lang='lat' dir='ltr'><strong>omnia</strong></span> <span class='ocrx_word' id='word_1_59' title='bbox 1036 1589 1135 1671; x_wconf 91' lang='lat' dir='ltr'><strong>ponit.</strong></span> 
     </span>
     <span class='ocr_line' id='line_1_10' title="bbox 262 1686 1083 1771; baseline 0.001 -19"><span class='ocrx_word' id='word_1_60' title='bbox 262 1693 297 1752; x_wconf 94' lang='lat' dir='ltr'><strong>ut</strong></span> <span class='ocrx_word' id='word_1_61' title='bbox 318 1688 410 1771; x_wconf 91' lang='lat' dir='ltr'><strong>pueri</strong></span> <span class='ocrx_word' id='word_1_62' title='bbox 432 1686 574 1752; x_wconf 84' lang='lat' dir='ltr'><strong>infantes</strong></span> <span class='ocrx_word' id='word_1_63' title='bbox 596 1686 729 1751; x_wconf 91' lang='lat' dir='ltr'><strong>credunt</strong></span> <span class='ocrx_word' id='word_1_64' title='bbox 750 1688 847 1770; x_wconf 84' lang='lat' dir='ltr'><strong>signa</strong></span> <span class='ocrx_word' id='word_1_65' title='bbox 869 1689 977 1752; x_wconf 90' lang='lat' dir='ltr'><strong>omnia</strong></span> <span class='ocrx_word' id='word_1_66' title='bbox 1000 1695 1083 1753; x_wconf 73' lang='lat' dir='ltr'><strong>aena</strong></span> 
     </span>
     <span class='ocr_line' id='line_1_11' title="bbox 262 1786 1086 1873; baseline 0.001 -18"><span class='ocrx_word' id='word_1_67' title='bbox 262 1788 372 1855; x_wconf 84' lang='lat' dir='ltr'><strong>vivere</strong></span> <span class='ocrx_word' id='word_1_68' title='bbox 394 1794 426 1853; x_wconf 90' lang='lat' dir='ltr'><strong>et</strong></span> <span class='ocrx_word' id='word_1_69' title='bbox 448 1807 520 1853; x_wconf 89' lang='lat' dir='ltr'><strong>esse</strong></span> <span class='ocrx_word' id='word_1_70' title='bbox 542 1786 696 1873; x_wconf 91' lang='lat' dir='ltr'><strong>homines,</strong></span> <span class='ocrx_word' id='word_1_71' title='bbox 719 1790 841 1856; x_wconf 85' lang='lat' dir='ltr'><strong>sinisti</strong></span> <span class='ocrx_word' id='word_1_72' title='bbox 863 1791 990 1854; x_wconf 89' lang='lat' dir='ltr'><strong>somnia</strong></span> <span class='ocrx_word' id='word_1_73' title='bbox 1012 1790 1086 1864; x_wconf 89' lang='lat' dir='ltr'><strong>ficta</strong></span> 
     </span>
    </p>
   </div>
   <div class='ocr_carea' id='block_1_6' title="bbox 171 1889 1180 2079">
    <p class='ocr_par' dir='ltr' id='par_1_6' title="bbox 171 1889 1180 2079">
     <span class='ocr_line' id='line_1_12' title="bbox 261 1889 1180 1974; baseline 0.001 -18"><span class='ocrx_word' id='word_1_74' title='bbox 261 1910 341 1956; x_wconf 89' lang='lat' dir='ltr'><strong>vera</strong></span> <span class='ocrx_word' id='word_1_75' title='bbox 363 1894 485 1974; x_wconf 90' lang='lat' dir='ltr'><strong>putant,</strong></span> <span class='ocrx_word' id='word_1_76' title='bbox 510 1889 644 1955; x_wconf 89' lang='lat' dir='ltr'><strong>credunt</strong></span> <span class='ocrx_word' id='word_1_77' title='bbox 666 1893 771 1973; x_wconf 82' lang='lat' dir='ltr'><strong>siguis</strong></span> <span class='ocrx_word' id='word_1_78' title='bbox 794 1912 849 1956; x_wconf 92' lang='lat' dir='ltr'><strong>cor</strong></span> <span class='ocrx_word' id='word_1_79' title='bbox 871 1893 979 1957; x_wconf 91' lang='lat' dir='ltr'><strong>inesse</strong></span> <span class='ocrx_word' id='word_1_80' title='bbox 1002 1894 1035 1957; x_wconf 92' lang='lat' dir='ltr'><strong>in</strong></span> <span class='ocrx_word' id='word_1_81' title='bbox 1058 1894 1180 1959; x_wconf 89' lang='lat' dir='ltr'><strong>ahenis.</strong></span> 
     </span>
     <span class='ocr_line' id='line_1_13' title="bbox 171 1992 1030 2079; baseline 0.002 -21"><span class='ocrx_word' id='word_1_82' title='bbox 171 2000 218 2059; x_wconf 78' lang='lat'><strong>415</strong></span> <span class='ocrx_word' id='word_1_83' title='bbox 262 1992 400 2079; x_wconf 82' lang='lat' dir='ltr'><strong>pergula</strong></span> <span class='ocrx_word' id='word_1_84' title='bbox 422 1993 588 2076; x_wconf 90' lang='lat' dir='ltr'><strong>pictorum,</strong></span> <span class='ocrx_word' id='word_1_85' title='bbox 612 1994 680 2059; x_wconf 87' lang='lat' dir='ltr'><strong>veri</strong></span> <span class='ocrx_word' id='word_1_86' title='bbox 703 1993 794 2078; x_wconf 88' lang='lat' dir='ltr'><strong>nihil,</strong></span> <span class='ocrx_word' id='word_1_87' title='bbox 819 1997 927 2059; x_wconf 90' lang='lat' dir='ltr'><strong>omnia</strong></span> <span class='ocrx_word' id='word_1_88' title='bbox 948 1996 1030 2060; x_wconf 87' lang='lat' dir='ltr'><strong>ficta.</strong></span> 
     </span>
    </p>
   </div>
   <div class='ocr_carea' id='block_1_7' title="bbox 152 2163 1416 4290">
    <p class='ocr_par' dir='ltr' id='par_1_7' title="bbox 154 2163 917 2241">
     <span class='ocr_line' id='line_1_14' title="bbox 154 2163 917 2241; baseline -0.003 -18"><span class='ocrx_word' id='word_1_89' title='bbox 154 2163 277 2241; x_wconf 88' lang='lat' dir='ltr'><strong>&#39;puncto</strong></span> <span class='ocrx_word' id='word_1_90' title='bbox 298 2180 356 2220; x_wconf 93' lang='lat' dir='ltr'><strong>uno</strong></span> <span class='ocrx_word' id='word_1_91' title='bbox 376 2180 461 2220; x_wconf 80' lang='lat' dir='ltr'><strong>sona</strong></span> <span class='ocrx_word' id='word_1_92' title='bbox 480 2181 520 2219; x_wconf 87' lang='lat' dir='ltr'><strong>nr</strong></span> <span class='ocrx_word' id='word_1_93' title='bbox 541 2163 593 2239; x_wconf 89' lang='lat' dir='ltr'><strong>qui</strong></span> <span class='ocrx_word' id='word_1_94' title='bbox 612 2181 738 2223; x_wconf 81' lang='lat' dir='ltr'><strong>coccos</strong></span> <span class='ocrx_word' id='word_1_95' title='bbox 760 2165 917 2223; x_wconf 76' lang='lat' dir='ltr'><strong>rnrssrr&#39;.”</strong></span> 
     </span>
    </p>

    <p class='ocr_par' dir='ltr' id='par_1_8' title="bbox 157 2254 1364 2427">
     <span class='ocr_line' id='line_1_15' title="bbox 230 2254 1363 2336; baseline 0.004 -22"><span class='ocrx_word' id='word_1_96' title='bbox 230 2258 299 2316; x_wconf 88' lang='grc'><strong>406.</strong></span> <span class='ocrx_word' id='word_1_97' title='bbox 338 2257 511 2317; x_wconf 87' lang='lat' dir='ltr'><strong>Priscianus</strong></span> <span class='ocrx_word' id='word_1_98' title='bbox 532 2275 560 2331; x_wconf 92' lang='lat' dir='ltr'><strong>p.</strong></span> <span class='ocrx_word' id='word_1_99' title='bbox 576 2254 630 2315; x_wconf 69' lang='lat'><strong>687</strong></span> <span class='ocrx_word' id='word_1_100' title='bbox 654 2255 776 2315; x_wconf 86' lang='lat' dir='ltr'><strong>“Hilum</strong></span> <span class='ocrx_word' id='word_1_101' title='bbox 796 2258 872 2316; x_wconf 92' lang='lat' dir='ltr'><strong>enim</strong></span> <span class='ocrx_word' id='word_1_102' title='bbox 887 2275 941 2332; x_wconf 91' lang='lat' dir='ltr'><strong>pro</strong></span> <span class='ocrx_word' id='word_1_103' title='bbox 955 2259 1045 2317; x_wconf 91' lang='lat' dir='ltr'><strong>ullum</strong></span> <span class='ocrx_word' id='word_1_104' title='bbox 1060 2258 1250 2318; x_wconf 82' lang='lat' dir='ltr'><strong>vetustissimi</strong></span> <span class='ocrx_word' id='word_1_105' title='bbox 1265 2261 1363 2336; x_wconf 87' lang='lat' dir='ltr'><strong>profe·</strong></span> 
     </span>
     <span class='ocr_line' id='line_1_16' title="bbox 157 2349 1364 2427; baseline 0 -14"><span class='ocrx_word' id='word_1_106' title='bbox 157 2352 270 2413; x_wconf 84' lang='lat' dir='ltr'><strong>rabant.</strong></span> <span class='ocrx_word' id='word_1_107' title='bbox 303 2351 436 2410; x_wconf 85' lang='lat' dir='ltr'><strong>Lucilius</strong></span> <span class='ocrx_word' id='word_1_108' title='bbox 451 2352 480 2408; x_wconf 92' lang='lat' dir='ltr'><strong>in</strong></span> <span class='ocrx_word' id='word_1_109' title='bbox 495 2369 562 2407; x_wconf 90' lang='lat' dir='ltr'><strong>xrnr</strong></span> <span class='ocrx_word' id='word_1_110' title='bbox 584 2349 800 2411; x_wconf 84' lang='lat' dir='ltr'><strong>‘naumachiam</strong></span> <span class='ocrx_word' id='word_1_111' title='bbox 814 2397 837 2411; x_wconf 92' lang='lat'><strong>..</strong></span> <span class='ocrx_word' id='word_1_112' title='bbox 851 2397 857 2410; x_wconf 91' lang='lat'>.</span> <span class='ocrx_word' id='word_1_113' title='bbox 869 2357 974 2427; x_wconf 89' lang='lat' dir='ltr'><strong>putare</strong></span> <span class='ocrx_word' id='word_1_114' title='bbox 994 2372 1035 2409; x_wconf 87' lang='lat' dir='ltr'><strong>nr</strong></span> <span class='ocrx_word' id='word_1_115' title='bbox 1057 2369 1170 2409; x_wconf 75' lang='lat' dir='ltr'><strong>sancus</strong></span> <span class='ocrx_word' id='word_1_116' title='bbox 1186 2397 1230 2412; x_wconf 89' lang='lat'><strong>...</strong></span> <span class='ocrx_word' id='word_1_117' title='bbox 1245 2353 1364 2413; x_wconf 81' lang='lat' dir='ltr'><strong>rivas’.&#39;&#39;</strong></span> 
     </span>
    </p>

    <p class='ocr_par' dir='ltr' id='par_1_9' title="bbox 152 2444 1366 2992">
     <span class='ocr_line' id='line_1_17' title="bbox 232 2444 1364 2520; baseline 0.003 -16"><span class='ocrx_word' id='word_1_118' title='bbox 232 2448 298 2507; x_wconf 87' lang='lat'>408.</span> <span class='ocrx_word' id='word_1_119' title='bbox 340 2445 513 2504; x_wconf 84' lang='lat' dir='ltr'><strong>Priscianus</strong></span> <span class='ocrx_word' id='word_1_120' title='bbox 533 2464 561 2520; x_wconf 92' lang='lat' dir='ltr'><strong>p.</strong></span> <span class='ocrx_word' id='word_1_121' title='bbox 574 2447 631 2504; x_wconf 80' lang='lat'><strong>902</strong></span> <span class='ocrx_word' id='word_1_122' title='bbox 647 2444 803 2505; x_wconf 89' lang='lat' dir='ltr'><strong>“Lacesso</strong></span> <span class='ocrx_word' id='word_1_123' title='bbox 818 2446 976 2505; x_wconf 86' lang='lat' dir='ltr'><strong>lacessivi.</strong></span> <span class='ocrx_word' id='word_1_124' title='bbox 1010 2446 1053 2505; x_wconf 89' lang='lat' dir='ltr'><strong>sic</strong></span> <span class='ocrx_word' id='word_1_125' title='bbox 1067 2445 1206 2505; x_wconf 90' lang='lat' dir='ltr'><strong>Probus.</strong></span> <span class='ocrx_word' id='word_1_126' title='bbox 1240 2449 1364 2507; x_wconf 84' lang='lat' dir='ltr'><strong>stride-</strong></span> 
     </span>
     <span class='ocr_line' id='line_1_18' title="bbox 152 2539 1366 2619; baseline 0 -18"><span class='ocrx_word' id='word_1_127' title='bbox 152 2547 203 2601; x_wconf 88' lang='lat' dir='ltr'><strong>tnr</strong></span> <span class='ocrx_word' id='word_1_128' title='bbox 218 2540 289 2598; x_wconf 91' lang='lat' dir='ltr'><strong>mihi</strong></span> <span class='ocrx_word' id='word_1_129' title='bbox 310 2541 412 2598; x_wconf 90' lang='lat' dir='ltr'><strong>melius</strong></span> <span class='ocrx_word' id='word_1_130' title='bbox 435 2539 547 2597; x_wconf 90' lang='lat' dir='ltr'><strong>dicere:</strong></span> <span class='ocrx_word' id='word_1_131' title='bbox 573 2540 762 2617; x_wconf 87' lang='lat' dir='ltr'><strong>participium</strong></span> <span class='ocrx_word' id='word_1_132' title='bbox 785 2541 861 2598; x_wconf 89' lang='lat' dir='ltr'><strong>enim</strong></span> <span class='ocrx_word' id='word_1_133' title='bbox 880 2541 1032 2616; x_wconf 83' lang='lat' dir='ltr'><strong>passivum</strong></span> <span class='ocrx_word' id='word_1_134' title='bbox 1054 2539 1230 2601; x_wconf 89' lang='lat' dir='ltr'><strong>lacessitus.</strong></span> <span class='ocrx_word' id='word_1_135' title='bbox 1263 2541 1366 2619; x_wconf 84' lang='lat' dir='ltr'><strong>Caper</strong></span> 
     </span>
     <span class='ocr_line' id='line_1_19' title="bbox 153 2633 1365 2711; baseline 0 -18"><span class='ocrx_word' id='word_1_136' title='bbox 153 2639 255 2701; x_wconf 88' lang='lat' dir='ltr'><strong>tamen</strong></span> <span class='ocrx_word' id='word_1_137' title='bbox 274 2634 382 2692; x_wconf 86' lang='lat' dir='ltr'><strong>lacessi</strong></span> <span class='ocrx_word' id='word_1_138' title='bbox 404 2633 476 2692; x_wconf 91' lang='lat' dir='ltr'><strong>dicit</strong></span> <span class='ocrx_word' id='word_1_139' title='bbox 496 2650 571 2709; x_wconf 87' lang='lat' dir='ltr'><strong>esse,</strong></span> <span class='ocrx_word' id='word_1_140' title='bbox 591 2638 625 2693; x_wconf 90' lang='lat' dir='ltr'><strong>ut</strong></span> <span class='ocrx_word' id='word_1_141' title='bbox 645 2634 764 2709; x_wconf 87' lang='lat' dir='ltr'><strong>lacessi,</strong></span> <span class='ocrx_word' id='word_1_142' title='bbox 792 2640 821 2693; x_wconf 89' lang='lat' dir='ltr'><strong>et</strong></span> <span class='ocrx_word' id='word_1_143' title='bbox 843 2635 956 2710; x_wconf 83' lang='lat' dir='ltr'><strong>profert</strong></span> <span class='ocrx_word' id='word_1_144' title='bbox 977 2634 1142 2708; x_wconf 86' lang='lat' dir='ltr'><strong>exemplum</strong></span> <span class='ocrx_word' id='word_1_145' title='bbox 1165 2635 1281 2710; x_wconf 89' lang='lat' dir='ltr'><strong>Lucilii,</strong></span> <span class='ocrx_word' id='word_1_146' title='bbox 1307 2654 1365 2711; x_wconf 88' lang='lat' dir='ltr'><strong>qno</strong></span> 
     </span>
     <span class='ocr_line' id='line_1_20' title="bbox 154 2726 1365 2802; baseline -0.002 -15"><span class='ocrx_word' id='word_1_147' title='bbox 154 2746 225 2788; x_wconf 88' lang='lat' dir='ltr'><strong>usus</strong></span> <span class='ocrx_word' id='word_1_148' title='bbox 247 2734 294 2787; x_wconf 86' lang='lat' dir='ltr'><strong>est</strong></span> <span class='ocrx_word' id='word_1_149' title='bbox 306 2747 383 2800; x_wconf 86' lang='lat' dir='ltr'><strong>xum,</strong></span> <span class='ocrx_word' id='word_1_150' title='bbox 405 2727 479 2786; x_wconf 82' lang='lat' dir='ltr'><strong>‘narn</strong></span> <span class='ocrx_word' id='word_1_151' title='bbox 497 2727 558 2802; x_wconf 87' lang='lat' dir='ltr'><strong>(alii</strong></span> <span class='ocrx_word' id='word_1_152' title='bbox 577 2747 658 2797; x_wconf 84' lang='lat' dir='ltr'><strong>acac,</strong></span> <span class='ocrx_word' id='word_1_153' title='bbox 677 2727 753 2801; x_wconf 84' lang='lat' dir='ltr'><strong>cum)</strong></span> <span class='ocrx_word' id='word_1_154' title='bbox 768 2735 852 2784; x_wconf 84' lang='lat' dir='ltr'><strong>vetus</strong></span> <span class='ocrx_word' id='word_1_155' title='bbox 867 2727 917 2784; x_wconf 92' lang='lat' dir='ltr'><strong>ille</strong></span> <span class='ocrx_word' id='word_1_156' title='bbox 933 2745 1012 2783; x_wconf 78' lang='lat' dir='ltr'><strong>caro</strong></span> <span class='ocrx_word' id='word_1_157' title='bbox 1024 2726 1181 2784; x_wconf 89' lang='lat' dir='ltr'><strong>lacessisse</strong></span> <span class='ocrx_word' id='word_1_158' title='bbox 1196 2746 1365 2786; x_wconf 73' lang='lat' dir='ltr'><strong>cernamur</strong></span> 
     </span>
     <span class='ocr_line' id='line_1_21' title="bbox 155 2820 1365 2896; baseline -0.001 -16"><span class='ocrx_word' id='word_1_159' title='bbox 155 2838 244 2880; x_wconf 80' lang='lat' dir='ltr'><strong>ouon</strong></span> <span class='ocrx_word' id='word_1_160' title='bbox 259 2823 396 2881; x_wconf 90' lang='lat' dir='ltr'><strong>conscius</strong></span> <span class='ocrx_word' id='word_1_161' title='bbox 412 2868 418 2880; x_wconf 92' lang='lat'><strong><em>.</em></strong></span> <span class='ocrx_word' id='word_1_162' title='bbox 432 2867 456 2881; x_wconf 92' lang='lat'><strong>..</strong></span> <span class='ocrx_word' id='word_1_163' title='bbox 473 2822 553 2880; x_wconf 82' lang='lat' dir='ltr'><strong>sibi’.</strong></span> <span class='ocrx_word' id='word_1_164' title='bbox 585 2820 637 2877; x_wconf 89' lang='lat' dir='ltr'><strong>sed</strong></span> <span class='ocrx_word' id='word_1_165' title='bbox 658 2826 759 2895; x_wconf 90' lang='lat' dir='ltr'><strong>potest</strong></span> <span class='ocrx_word' id='word_1_166' title='bbox 778 2821 935 2877; x_wconf 87' lang='lat' dir='ltr'><strong>lacessisse</strong></span> <span class='ocrx_word' id='word_1_167' title='bbox 955 2837 1010 2895; x_wconf 89' lang='lat' dir='ltr'><strong>per</strong></span> <span class='ocrx_word' id='word_1_168' title='bbox 1029 2836 1191 2894; x_wconf 87' lang='lat' dir='ltr'><strong>syncopam</strong></span> <span class='ocrx_word' id='word_1_169' title='bbox 1212 2837 1279 2878; x_wconf 89' lang='lat' dir='ltr'><strong>esse</strong></span> <span class='ocrx_word' id='word_1_170' title='bbox 1297 2840 1365 2896; x_wconf 93' lang='lat' dir='ltr'><strong>pro-</strong></span> 
     </span>
     <span class='ocr_line' id='line_1_22' title="bbox 153 2900 1366 2992; baseline 0 -19"><span class='ocrx_word' id='word_1_171' title='bbox 153 2915 247 2973; x_wconf 89' lang='lat' dir='ltr'><strong>latum</strong></span> <span class='ocrx_word' id='word_1_172' title='bbox 268 2916 297 2974; x_wconf 92' lang='lat' dir='ltr'><strong>vi</strong></span> <span class='ocrx_word' id='word_1_173' title='bbox 319 2916 466 2992; x_wconf 86' lang='lat' dir='ltr'><strong>syllabae,</strong></span> <span class='ocrx_word' id='word_1_174' title='bbox 488 2921 520 2973; x_wconf 91' lang='lat' dir='ltr'><strong>ut</strong></span> <span class='ocrx_word' id='word_1_175' title='bbox 541 2915 657 2989; x_wconf 89' lang='lat' dir='ltr'><strong>cupisse</strong></span> <span class='ocrx_word' id='word_1_176' title='bbox 679 2913 790 2989; x_wconf 89' lang='lat' dir='ltr'><strong>petisse</strong></span> <span class='ocrx_word' id='word_1_177' title='bbox 812 2912 934 2971; x_wconf 89' lang='lat' dir='ltr'><strong>dicimus</strong></span> <span class='ocrx_word' id='word_1_178' title='bbox 955 2906 1019 2988; x_wconf 78' lang='lat' dir='ltr'><strong>pro‘</strong></span> <span class='ocrx_word' id='word_1_179' title='bbox 1029 2900 1179 2988; x_wconf 87' lang='lat' dir='ltr'><strong>cupivisse</strong></span> <span class='ocrx_word' id='word_1_180' title='bbox 1198 2916 1366 2990; x_wconf 83' lang='lat' dir='ltr'><strong>petivisse.’&#39;</strong></span> 
     </span>
    </p>

    <p class='ocr_par' dir='ltr' id='par_1_10' title="bbox 153 2998 1416 3460">
     <span class='ocr_line' id='line_1_23' title="bbox 234 2998 1366 3083; baseline 0 -15"><span class='ocrx_word' id='word_1_181' title='bbox 234 3011 326 3068; x_wconf 73' lang='lat'>409⁸.</span> <span class='ocrx_word' id='word_1_182' title='bbox 347 3010 516 3068; x_wconf 88' lang='lat' dir='ltr'><strong>Macrobius</strong></span> <span class='ocrx_word' id='word_1_183' title='bbox 536 3007 653 3068; x_wconf 86' lang='lat' dir='ltr'><strong>Saturn.</strong></span> <span class='ocrx_word' id='word_1_184' title='bbox 670 3007 745 3080; x_wconf 80' lang='lat' dir='ltr'><strong>vr,4</strong></span> <span class='ocrx_word' id='word_1_185' title='bbox 765 3005 862 3065; x_wconf 88' lang='lat' dir='ltr'><strong>“Nam</strong></span> <span class='ocrx_word' id='word_1_186' title='bbox 883 3006 964 3083; x_wconf 90' lang='lat' dir='ltr'><strong>qnod</strong></span> <span class='ocrx_word' id='word_1_187' title='bbox 979 3007 1020 3064; x_wconf 87' lang='lat' dir='ltr'><strong>ait</strong></span> <span class='ocrx_word' id='word_1_188' title='bbox 1040 3005 1104 3066; x_wconf 88' lang='lat' dir='ltr'><strong>&#39;nec</strong></span> <span class='ocrx_word' id='word_1_189' title='bbox 1119 2998 1242 3068; x_wconf 80' lang='lat' dir='ltr'><strong>&#39;Peuc&#39;ris</strong></span> <span class='ocrx_word' id='word_1_190' title='bbox 1263 3009 1366 3068; x_wconf 86' lang='lat' dir='ltr'><strong>addita</strong></span> 
     </span>
     <span class='ocr_line' id='line_1_24' title="bbox 155 3101 1366 3179; baseline -0.002 -16"><span class='ocrx_word' id='word_1_191' title='bbox 155 3103 232 3163; x_wconf 90' lang='lat' dir='ltr'><strong>Iuno</strong></span> <span class='ocrx_word' id='word_1_192' title='bbox 254 3121 378 3179; x_wconf 90' lang='lat' dir='ltr'><strong>nsquam</strong></span> <span class='ocrx_word' id='word_1_193' title='bbox 399 3103 502 3162; x_wconf 85' lang='lat' dir='ltr'><strong>aberit&#39;</strong></span> <span class='ocrx_word' id='word_1_194' title='bbox 523 3101 553 3160; x_wconf 93' lang='lat' dir='ltr'><strong>id</strong></span> <span class='ocrx_word' id='word_1_195' title='bbox 574 3110 620 3160; x_wconf 91' lang='lat' dir='ltr'><strong>est</strong></span> <span class='ocrx_word' id='word_1_196' title='bbox 640 3101 740 3159; x_wconf 86' lang='lat' dir='ltr'><strong>adfixa</strong></span> <span class='ocrx_word' id='word_1_197' title='bbox 760 3106 790 3159; x_wconf 89' lang='lat' dir='ltr'><strong>et</strong></span> <span class='ocrx_word' id='word_1_198' title='bbox 811 3119 865 3176; x_wconf 91' lang='lat' dir='ltr'><strong>per</strong></span> <span class='ocrx_word' id='word_1_199' title='bbox 885 3101 940 3159; x_wconf 90' lang='lat' dir='ltr'><strong>hoc</strong></span> <span class='ocrx_word' id='word_1_200' title='bbox 961 3101 1080 3173; x_wconf 84' lang='lat' dir='ltr'><strong>infesta,</strong></span> <span class='ocrx_word' id='word_1_201' title='bbox 1102 3101 1159 3161; x_wconf 89' lang='lat' dir='ltr'><strong>hoc</strong></span> <span class='ocrx_word' id='word_1_202' title='bbox 1176 3104 1235 3161; x_wconf 90' lang='lat' dir='ltr'><strong>iam</strong></span> <span class='ocrx_word' id='word_1_203' title='bbox 1249 3103 1366 3161; x_wconf 88' lang='lat' dir='ltr'><strong>dixerat</strong></span> 
     </span>
     <span class='ocr_line' id='line_1_25' title="bbox 153 3194 1365 3273; baseline -0.002 -16"><span class='ocrx_word' id='word_1_204' title='bbox 153 3198 288 3257; x_wconf 87' lang='lat' dir='ltr'><strong>Lucilius</strong></span> <span class='ocrx_word' id='word_1_205' title='bbox 303 3199 333 3256; x_wconf 93' lang='lat' dir='ltr'><strong>in</strong></span> <span class='ocrx_word' id='word_1_206' title='bbox 346 3199 422 3258; x_wconf 92' lang='lat' dir='ltr'><strong>libro</strong></span> <span class='ocrx_word' id='word_1_207' title='bbox 438 3204 544 3273; x_wconf 88' lang='lat' dir='ltr'><strong>quarto</strong></span> <span class='ocrx_word' id='word_1_208' title='bbox 562 3195 675 3252; x_wconf 90' lang='lat' dir='ltr'><strong>decimo</strong></span> <span class='ocrx_word' id='word_1_209' title='bbox 696 3195 741 3252; x_wconf 90' lang='lat' dir='ltr'><strong>his</strong></span> <span class='ocrx_word' id='word_1_210' title='bbox 764 3195 899 3254; x_wconf 86' lang='lat' dir='ltr'><strong>versibus</strong></span> <span class='ocrx_word' id='word_1_211' title='bbox 921 3194 956 3253; x_wconf 84' lang='lat' dir='ltr'><strong>‘si</strong></span> <span class='ocrx_word' id='word_1_212' title='bbox 975 3196 1046 3253; x_wconf 92' lang='lat' dir='ltr'><strong>mihi</strong></span> <span class='ocrx_word' id='word_1_213' title='bbox 1060 3242 1066 3254; x_wconf 94' lang='lat'><strong>.</strong></span> <span class='ocrx_word' id='word_1_214' title='bbox 1079 3243 1085 3255; x_wconf 88' lang='lat'><em>.</em></span> <span class='ocrx_word' id='word_1_215' title='bbox 1099 3243 1104 3255; x_wconf 90' lang='lat'><em>.</em></span> <span class='ocrx_word' id='word_1_216' title='bbox 1120 3198 1232 3256; x_wconf 84' lang='lat' dir='ltr'><strong>unns&#39;.&#39;’</strong></span> <span class='ocrx_word' id='word_1_217' title='bbox 1298 3195 1365 3256; x_wconf 87' lang='lat' dir='ltr'><strong>Ser·</strong></span> 
     </span>
     <span class='ocr_line' id='line_1_26' title="bbox 153 3287 1416 3362; baseline -0.002 -11"><span class='ocrx_word' id='word_1_218' title='bbox 153 3292 220 3352; x_wconf 83' lang='lat' dir='ltr'><strong>rins</strong></span> <span class='ocrx_word' id='word_1_219' title='bbox 240 3291 280 3351; x_wconf 88' lang='lat' dir='ltr'><strong>ad</strong></span> <span class='ocrx_word' id='word_1_220' title='bbox 299 3291 451 3350; x_wconf 88' lang='lat' dir='ltr'><strong>Aeneidos</strong></span> <span class='ocrx_word' id='word_1_221' title='bbox 473 3310 513 3360; x_wconf 86' lang='lat' dir='ltr'><strong>vr,</strong></span> <span class='ocrx_word' id='word_1_222' title='bbox 530 3292 567 3347; x_wconf 85' lang='lat'><strong>90</strong></span> <span class='ocrx_word' id='word_1_223' title='bbox 592 3287 718 3346; x_wconf 76' lang='lat' dir='ltr'><strong>‘Addita</strong></span> <span class='ocrx_word' id='word_1_224' title='bbox 739 3287 838 3344; x_wconf 85' lang='lat' dir='ltr'><strong>Iuno’:</strong></span> <span class='ocrx_word' id='word_1_225' title='bbox 864 3287 1012 3348; x_wconf 84' lang='lat' dir='ltr'><strong>“inimica.</strong></span> <span class='ocrx_word' id='word_1_226' title='bbox 1052 3297 1099 3348; x_wconf 88' lang='lat' dir='ltr'><strong>est</strong></span> <span class='ocrx_word' id='word_1_227' title='bbox 1125 3298 1222 3349; x_wconf 87' lang='lat' dir='ltr'><strong>autem</strong></span> <span class='ocrx_word' id='word_1_228' title='bbox 1243 3293 1365 3350; x_wconf 86' lang='lat' dir='ltr'><strong>verbum</strong></span> <span class='ocrx_word' id='word_1_229' title='bbox 1414 3356 1416 3362; x_wconf 45' lang='grc'>,</span> 
     </span>
     <span class='ocr_line' id='line_1_27' title="bbox 156 3382 547 3460; baseline -0.018 -15"><span class='ocrx_word' id='word_1_230' title='bbox 156 3386 266 3446; x_wconf 90' lang='lat' dir='ltr'><strong>Lucilii</strong></span> <span class='ocrx_word' id='word_1_231' title='bbox 286 3393 316 3444; x_wconf 88' lang='lat' dir='ltr'><strong>et</strong></span> <span class='ocrx_word' id='word_1_232' title='bbox 337 3382 547 3460; x_wconf 87' lang='lat' dir='ltr'><strong>antiquorum.”</strong></span> 
     </span>
    </p>

    <p class='ocr_par' dir='ltr' id='par_1_11' title="bbox 154 3474 1367 4290">
     <span class='ocr_line' id='line_1_28' title="bbox 231 3474 1365 3553; baseline 0 -16"><span class='ocrx_word' id='word_1_233' title='bbox 231 3480 298 3537; x_wconf 84' lang='grc'>410.</span> <span class='ocrx_word' id='word_1_234' title='bbox 339 3477 516 3537; x_wconf 88' lang='lat' dir='ltr'><strong>Lactantius</strong></span> <span class='ocrx_word' id='word_1_235' title='bbox 543 3475 736 3550; x_wconf 80' lang='lat' dir='ltr'><strong>instit.r,22,</strong></span> <span class='ocrx_word' id='word_1_236' title='bbox 757 3477 791 3533; x_wconf 93' lang='lat'><strong>13</strong></span> <span class='ocrx_word' id='word_1_237' title='bbox 816 3481 845 3532; x_wconf 89' lang='lat' dir='ltr'><strong>et</strong></span> <span class='ocrx_word' id='word_1_238' title='bbox 864 3474 894 3532; x_wconf 92' lang='lat' dir='ltr'><strong>in</strong></span> <span class='ocrx_word' id='word_1_239' title='bbox 921 3476 1064 3552; x_wconf 88' lang='lat' dir='ltr'><strong>epitomes</strong></span> <span class='ocrx_word' id='word_1_240' title='bbox 1091 3477 1188 3553; x_wconf 89' lang='lat' dir='ltr'><strong>capite</strong></span> <span class='ocrx_word' id='word_1_241' title='bbox 1210 3480 1247 3536; x_wconf 79' lang='lat'><strong>22</strong></span> <span class='ocrx_word' id='word_1_242' title='bbox 1268 3477 1365 3539; x_wconf 85' lang='lat' dir='ltr'><strong>“Nam</strong></span> 
     </span>
     <span class='ocr_line' id='line_1_29' title="bbox 154 3568 1365 3646; baseline 0 -14"><span class='ocrx_word' id='word_1_243' title='bbox 154 3573 288 3632; x_wconf 90' lang='lat' dir='ltr'><strong>Lucilius</strong></span> <span class='ocrx_word' id='word_1_244' title='bbox 309 3590 408 3632; x_wconf 90' lang='lat' dir='ltr'><strong>eorum</strong></span> <span class='ocrx_word' id='word_1_245' title='bbox 430 3570 592 3639; x_wconf 90' lang='lat' dir='ltr'><strong>stultitiam,</strong></span> <span class='ocrx_word' id='word_1_246' title='bbox 615 3569 664 3644; x_wconf 92' lang='lat' dir='ltr'><strong>qui</strong></span> <span class='ocrx_word' id='word_1_247' title='bbox 685 3569 844 3627; x_wconf 87' lang='lat' dir='ltr'><strong>simulacra</strong></span> <span class='ocrx_word' id='word_1_248' title='bbox 864 3568 937 3627; x_wconf 89' lang='lat' dir='ltr'><strong>deos</strong></span> <span class='ocrx_word' id='word_1_249' title='bbox 958 3574 1066 3645; x_wconf 89' lang='lat' dir='ltr'><strong>putant</strong></span> <span class='ocrx_word' id='word_1_250' title='bbox 1086 3588 1161 3646; x_wconf 90' lang='lat' dir='ltr'><strong>esse,</strong></span> <span class='ocrx_word' id='word_1_251' title='bbox 1185 3571 1300 3632; x_wconf 84' lang='lat' dir='ltr'><strong>deridet</strong></span> <span class='ocrx_word' id='word_1_252' title='bbox 1318 3574 1365 3633; x_wconf 90' lang='lat' dir='ltr'><strong>his</strong></span> 
     </span>
     <span class='ocr_line' id='line_1_30' title="bbox 155 3661 1365 3742; baseline -0.002 -15"><span class='ocrx_word' id='word_1_253' title='bbox 155 3667 319 3727; x_wconf 84' lang='lat' dir='ltr'><strong>versibus.&#39;&#39;</strong></span> <span class='ocrx_word' id='word_1_254' title='bbox 350 3666 477 3742; x_wconf 89' lang='lat' dir='ltr'><strong>epitome</strong></span> <span class='ocrx_word' id='word_1_255' title='bbox 498 3661 594 3720; x_wconf 89' lang='lat' dir='ltr'><strong>“Ideo</strong></span> <span class='ocrx_word' id='word_1_256' title='bbox 615 3661 759 3736; x_wconf 89' lang='lat' dir='ltr'><strong>Lucilius,</strong></span> <span class='ocrx_word' id='word_1_257' title='bbox 781 3661 918 3721; x_wconf 91' lang='lat' dir='ltr'><strong>deridens</strong></span> <span class='ocrx_word' id='word_1_258' title='bbox 935 3664 1063 3738; x_wconf 90' lang='lat' dir='ltr'><strong>ineptias</strong></span> <span class='ocrx_word' id='word_1_259' title='bbox 1077 3664 1200 3724; x_wconf 90' lang='lat' dir='ltr'><strong>istorum</strong></span> <span class='ocrx_word' id='word_1_260' title='bbox 1217 3667 1266 3742; x_wconf 92' lang='lat' dir='ltr'><strong>qni</strong></span> <span class='ocrx_word' id='word_1_261' title='bbox 1280 3669 1365 3726; x_wconf 84' lang='lat' dir='ltr'><strong>vanis</strong></span> 
     </span>
     <span class='ocr_line' id='line_1_31' title="bbox 154 3756 1366 3838; baseline -0.002 -18"><span class='ocrx_word' id='word_1_262' title='bbox 154 3760 415 3838; x_wconf 88' lang='lat' dir='ltr'><strong>superstitionibus</strong></span> <span class='ocrx_word' id='word_1_263' title='bbox 442 3758 588 3830; x_wconf 84' lang='lat' dir='ltr'><strong>serviunt,</strong></span> <span class='ocrx_word' id='word_1_264' title='bbox 614 3757 670 3814; x_wconf 91' lang='lat' dir='ltr'><strong>hos</strong></span> <span class='ocrx_word' id='word_1_265' title='bbox 697 3773 800 3814; x_wconf 86' lang='lat' dir='ltr'><strong>versus</strong></span> <span class='ocrx_word' id='word_1_266' title='bbox 826 3757 953 3832; x_wconf 84' lang='lat' dir='ltr'><strong>posuit.’&#39;</strong></span> <span class='ocrx_word' id='word_1_267' title='bbox 999 3756 1168 3818; x_wconf 77' lang='lat' dir='ltr'><strong>‘terriculas</strong></span> <span class='ocrx_word' id='word_1_268' title='bbox 1247 3761 1290 3819; x_wconf 88' lang='lat' dir='ltr'><strong>sic</strong></span> <span class='ocrx_word' id='word_1_269' title='bbox 1315 3761 1366 3819; x_wconf 88' lang='lat' dir='ltr'><strong>isti</strong></span> 
     </span>
     <span class='ocr_line' id='line_1_32' title="bbox 155 3849 1366 3929; baseline 0 -17"><span class='ocrx_word' id='word_1_270' title='bbox 155 3873 254 3912; x_wconf 80' lang='lat' dir='ltr'><strong>omnia</strong></span> <span class='ocrx_word' id='word_1_271' title='bbox 274 3855 344 3913; x_wconf 85' lang='lat' dir='ltr'><strong>ficta</strong></span> <span class='ocrx_word' id='word_1_272' title='bbox 365 3898 410 3912; x_wconf 88' lang='lat'><strong>...</strong></span> <span class='ocrx_word' id='word_1_273' title='bbox 424 3853 521 3910; x_wconf 90' lang='lat' dir='ltr'><strong>inesse</strong></span> <span class='ocrx_word' id='word_1_274' title='bbox 541 3850 571 3907; x_wconf 91' lang='lat' dir='ltr'><strong>iu</strong></span> <span class='ocrx_word' id='word_1_275' title='bbox 593 3850 694 3909; x_wconf 91' lang='lat' dir='ltr'><strong>ahenis</strong></span> <span class='ocrx_word' id='word_1_276' title='bbox 710 3851 815 3925; x_wconf 78' lang='lat' dir='ltr'><strong>(toanis</strong></span> <span class='ocrx_word' id='word_1_277' title='bbox 831 3849 1038 3929; x_wconf 82' lang='lat' dir='ltr'><strong>Taurineusis)</strong></span> <span class='ocrx_word' id='word_1_278' title='bbox 1051 3899 1057 3911; x_wconf 93' lang='lat'><strong><em>.</em></strong></span> <span class='ocrx_word' id='word_1_279' title='bbox 1069 3899 1075 3911; x_wconf 91' lang='lat'>.</span> <span class='ocrx_word' id='word_1_280' title='bbox 1089 3899 1095 3911; x_wconf 88' lang='lat'><strong><em>.</em></strong></span> <span class='ocrx_word' id='word_1_281' title='bbox 1107 3855 1169 3911; x_wconf 90' lang='lat' dir='ltr'><strong>veri</strong></span> <span class='ocrx_word' id='word_1_282' title='bbox 1183 3853 1254 3911; x_wconf 91' lang='lat' dir='ltr'><strong>nihil</strong></span> <span class='ocrx_word' id='word_1_283' title='bbox 1270 3854 1366 3912; x_wconf 90' lang='lat' dir='ltr'><strong>omnia</strong></span> 
     </span>
     <span class='ocr_line' id='line_1_33' title="bbox 154 3943 1365 4026; baseline -0.002 -20"><span class='ocrx_word' id='word_1_284' title='bbox 154 3947 224 4008; x_wconf 90' lang='lat' dir='ltr'><strong>ficta</strong></span> <span class='ocrx_word' id='word_1_285' title='bbox 239 3947 333 4026; x_wconf 67' lang='grc' dir='ltr'>(ρὲοία</span> <span class='ocrx_word' id='word_1_286' title='bbox 348 3945 575 4019; x_wconf 88' lang='lat' dir='ltr'><strong>Taurinensis).’</strong></span> <span class='ocrx_word' id='word_1_287' title='bbox 648 3943 765 4004; x_wconf 85' lang='lat' dir='ltr'><strong>Nonius</strong></span> <span class='ocrx_word' id='word_1_288' title='bbox 780 3963 809 4019; x_wconf 92' lang='lat' dir='ltr'><strong>p.</strong></span> <span class='ocrx_word' id='word_1_289' title='bbox 821 3946 866 4017; x_wconf 82' lang='lat'><strong>56,</strong></span> <span class='ocrx_word' id='word_1_290' title='bbox 879 3945 896 4002; x_wconf 86' lang='lat'>6</span> <span class='ocrx_word' id='word_1_291' title='bbox 918 3943 1042 4003; x_wconf 84' lang='lat' dir='ltr'><strong>“infans</strong></span> <span class='ocrx_word' id='word_1_292' title='bbox 1058 3964 1148 4004; x_wconf 93' lang='lat' dir='ltr'><strong>anon</strong></span> <span class='ocrx_word' id='word_1_293' title='bbox 1162 3948 1253 4005; x_wconf 85' lang='lat' dir='ltr'><strong>fando</strong></span> <span class='ocrx_word' id='word_1_294' title='bbox 1268 3947 1365 4005; x_wconf 91' lang='lat' dir='ltr'><strong>dictus</strong></span> 
     </span>
     <span class='ocr_line' id='line_1_34' title="bbox 154 4036 1364 4113; baseline -0.003 -11"><span class='ocrx_word' id='word_1_295' title='bbox 154 4048 211 4102; x_wconf 84' lang='lat' dir='ltr'><strong>ast.</strong></span> <span class='ocrx_word' id='word_1_296' title='bbox 298 4048 388 4102; x_wconf 72' lang='lat' dir='ltr'><strong>carius</strong></span> <span class='ocrx_word' id='word_1_297' title='bbox 410 4041 462 4101; x_wconf 90' lang='lat' dir='ltr'><strong>lib.</strong></span> <span class='ocrx_word' id='word_1_298' title='bbox 477 4058 564 4096; x_wconf 88' lang='lat' dir='ltr'><strong>xvrrrr</strong></span> <span class='ocrx_word' id='word_1_299' title='bbox 588 4036 633 4096; x_wconf 89' lang='lat' dir='ltr'><strong>‘ut</strong></span> <span class='ocrx_word' id='word_1_300' title='bbox 659 4038 743 4113; x_wconf 90' lang='lat' dir='ltr'><strong>pueri</strong></span> <span class='ocrx_word' id='word_1_301' title='bbox 762 4039 892 4097; x_wconf 83' lang='lat' dir='ltr'><strong>infantes</strong></span> <span class='ocrx_word' id='word_1_302' title='bbox 919 4039 1030 4097; x_wconf 87' lang='lat' dir='ltr'><strong>faciunt</strong></span> <span class='ocrx_word' id='word_1_303' title='bbox 1057 4040 1256 4098; x_wconf 87' lang='lat' dir='ltr'><strong>mulierculam</strong></span> <span class='ocrx_word' id='word_1_304' title='bbox 1275 4039 1364 4098; x_wconf 91' lang='lat' dir='ltr'><strong>hone-</strong></span> 
     </span>
     <span class='ocr_line' id='line_1_35' title="bbox 155 4132 1367 4211; baseline -0.003 -16"><span class='ocrx_word' id='word_1_305' title='bbox 155 4136 250 4196; x_wconf 84' lang='lat' dir='ltr'><strong>stam&#39;.</strong></span> <span class='ocrx_word' id='word_1_306' title='bbox 290 4144 321 4197; x_wconf 90' lang='lat' dir='ltr'><strong>et</strong></span> <span class='ocrx_word' id='word_1_307' title='bbox 339 4155 380 4194; x_wconf 83' lang='lat' dir='ltr'><strong>xv</strong></span> <span class='ocrx_word' id='word_1_308' title='bbox 401 4135 443 4193; x_wconf 88' lang='lat' dir='ltr'><strong>‘nt</strong></span> <span class='ocrx_word' id='word_1_309' title='bbox 462 4134 547 4211; x_wconf 89' lang='lat' dir='ltr'><strong>pueri</strong></span> <span class='ocrx_word' id='word_1_310' title='bbox 572 4134 698 4193; x_wconf 89' lang='lat' dir='ltr'><strong>infantes</strong></span> <span class='ocrx_word' id='word_1_311' title='bbox 725 4132 850 4192; x_wconf 90' lang='lat' dir='ltr'><strong>credunt</strong></span> <span class='ocrx_word' id='word_1_312' title='bbox 875 4133 960 4208; x_wconf 85' lang='lat' dir='ltr'><strong>signa</strong></span> <span class='ocrx_word' id='word_1_313' title='bbox 988 4135 1085 4192; x_wconf 90' lang='lat' dir='ltr'><strong>omnia</strong></span> <span class='ocrx_word' id='word_1_314' title='bbox 1112 4142 1188 4192; x_wconf 80' lang='lat' dir='ltr'><strong>aena</strong></span> <span class='ocrx_word' id='word_1_315' title='bbox 1213 4133 1310 4192; x_wconf 83' lang='lat' dir='ltr'><strong>vivere</strong></span> <span class='ocrx_word' id='word_1_316' title='bbox 1335 4140 1367 4191; x_wconf 90' lang='lat' dir='ltr'><strong>et</strong></span> 
     </span>
     <span class='ocr_line' id='line_1_36' title="bbox 155 4228 412 4290; baseline -0.004 0"><span class='ocrx_word' id='word_1_317' title='bbox 155 4248 222 4290; x_wconf 87' lang='lat' dir='ltr'><strong>esse</strong></span> <span class='ocrx_word' id='word_1_318' title='bbox 242 4228 412 4290; x_wconf 82' lang='lat' dir='ltr'><strong>homines&#39;.&#39;’</strong></span> 
     </span>
    </p>
   </div>
   <div class='ocr_carea' id='block_1_8' title="bbox 234 4376 865 4451">
    <p class='ocr_par' dir='ltr' id='par_1_12' title="bbox 234 4376 865 4451">
     <span class='ocr_line' id='line_1_37' title="bbox 234 4376 865 4451; baseline 0.005 -18"><span class='ocrx_word' id='word_1_319' title='bbox 234 4376 300 4435; x_wconf 85' lang='lat'>408.</span> <span class='ocrx_word' id='word_1_320' title='bbox 322 4376 441 4436; x_wconf 70' lang='lat' dir='ltr'><strong>*Ocni¹</strong></span> <span class='ocrx_word' id='word_1_321' title='bbox 465 4395 567 4437; x_wconf 87' lang='lat' dir='ltr'><strong>comm.</strong></span> <span class='ocrx_word' id='word_1_322' title='bbox 592 4377 623 4435; x_wconf 92' lang='lat' dir='ltr'><strong>iu</strong></span> <span class='ocrx_word' id='word_1_323' title='bbox 644 4376 734 4434; x_wconf 91' lang='lat' dir='ltr'><strong>Lucr.</strong></span> <span class='ocrx_word' id='word_1_324' title='bbox 756 4394 785 4451; x_wconf 87' lang='lat' dir='ltr'><strong>p.</strong></span> <span class='ocrx_word' id='word_1_325' title='bbox 799 4378 865 4436; x_wconf 79' lang='lat'>206.</span> 
     </span>
    </p>
   </div>
   <div class='ocr_carea' id='block_1_9' title="bbox 0 0 1533 5032">
    <p class='ocr_par' dir='ltr' id='par_1_13' title="bbox 0 0 1533 5032">
     <span class='ocr_line' id='line_1_38' title="bbox 0 0 1533 5032; baseline 0 0"><span class='ocrx_word' id='word_1_326' title='bbox 0 0 1533 5032; x_wconf 95' lang='lat' dir='ltr'><strong> </strong></span> 
     </span>
    </p>
   </div>
  </div>
 </body>
</html>
