3044 5032
665 329 801 382 I-XXV.
826 331 906 383 XXX

199 493 223 537 ’¹‘
289 494 474 582 olapathc,
497 503 533 562 ut
554 496 684 582 iactare,
707 517 767 564 nee
789 518 824 564 00
846 501 916 565 sati‘
943 500 1084 584 cognitu’
1110 503 1166 586 qui
1188 503 1249 569 sis!

192 601 270 664 1000
293 597 327 662 10
350 617 412 681 000
435 597 557 664 Laeliu’
579 599 744 683 clamores,
767 600 876 687 σοφὸς
897 602 962 685 1110,
985 602 1110 668 solebat

248 764 250 767 .
288 699 395 783 edere,
419 700 606 785 conpellans
628 701 753 782 gumias
775 722 816 767 ex
839 703 952 769 ordine
974 710 1112 770 nostros.

289 801 319 866 ‘o
341 801 445 886 Publi,
469 821 488 866 o
510 820 640 887 gurges,
665 804 806 888 Galloni,
830 825 864 871 00
887 804 982 870 homo
1006 806 1111 872 miscr’
1133 807 1248 891 100010.

289 901 422 969 ‘eenasti
443 905 478 969 in
499 904 568 969 vita
588 923 762 987 numquam
784 906 876 993 bene,
901 926 972 973 eum
996 909 1106 974 omnia
1127 910 1162 974 in
1184 910 1247 976 ista

290 1005 452 1072 consumis
475 1005 594 1089 squilla
616 1010 712 1088 00000
734 1007 922 1092 acipensere
945 1030 1016 1076 cum
1039 1010 1228 1078 decumano.

153 1186 268 1260 *1⁰⁰5
463 1185 467 1193 ’
936 1198 1018 1266 bene
1041 1205 1140 1285 cocto,

290 1296 429 1381 condito,
450 1315 598 1362 sermone
621 1296 717 1382 bono,
741 1299 834 1382 00,οἱ
857 1300 990 1385 quaeri’,
1012 1302 1158 1368 libenter.

201 1484 222 1528 ³¹⁸
286 1484 366 1568 quid
389 1484 499 1552 decius
521 1485 671 1552 nuculam
693 1505 736 1551 an
759 1485 917 1552 confixum
938 1487 1118 1566 vistaeere
1140 1491 1253 1575 inquit.

172 1660 394 1682 m

257 1769 324 1828 999.
359 1769 442 1828 1005.
485 1765 594 1828 Cicero
614 1768 652 1828 de
672 1768 720 1828 fin.
734 1770 804 1830 bon.
819 1777 850 1830 et
869 1771 938 1831 mal.
953 1790 984 1847 u,
999 1775 1025 1847 8,
1040 1773 1087 1830 24.
1101 1774 1139 1832 25
1160 1772 1246 1834 “Nee
1259 1772 1318 1846 ille,
1340 1774 1391 1849 001

174 1858 345 1938 Diogenem
360 1861 494 1924 Stoicum
509 1862 695 1938 adulescens,
710 1871 780 1940 post
794 1871 890 1924 autem
906 1866 1081 1926 Panaetium
1096 1866 1241 1942 audierat,
1260 1866 1392 1941 Laelius

177 1973 216 2016 eo
237 1955 335 2016 dictus
355 1963 402 2018 est
427 1958 548 2034 sapiens
575 1957 656 2034 quod
682 1976 741 2020 non
768 1959 956 2034 intellegeret
981 1959 1052 2037 quid
1081 1961 1285 2020 suavissimum
1311 1963 1394 2020 esset

178 2048 344 2134 (0000010
365 2052 499 2128 sequitur
520 2057 561 2126 00,
586 2053 634 2110 001
654 2070 706 2111 cor
726 2051 834 2128 sapiat,
854 2052 880 2110 01
901 2070 960 2111 000
977 2053 1075 2129 sapiat
1090 2054 1234 2130 palatus),
1255 2053 1309 2113 sed
1323 2055 1393 2130 quia

178 2144 268 2221 par-ri
286 2142 318 2202 id
338 2144 470 2205 duceret.
502 2143 530 2203 ‘o
554 2145 677 2221 lapatho
692 2145 911 2206 ...necessatis
939 2149 1061 2222 cognitu
1088 2149 1138 2224 qni
1165 2148 1205 2206 sis
1221 2147 1391 2222 ...gumias

179 2238 239 2315 (sic
261 2238 419 2298 Palatinus
446 2239 574 2315 primns,
599 2259 714 2316 900000
733 2240 939 2314 Ilrlangensis,
958 2261 1056 2317 pamas
1075 2240 1137 2317 alii)
1158 2259 1196 2298 ex
1216 2240 1320 2299 ordine
1340 2259 1391 2300 no-

180 2332 279 2393 stros'.
303 2333 457 2409 praeclare
471 2333 602 2409 Laelius,
618 2341 648 2393 00
661 2340 742 2393 recte
756 2331 863 2412 σοφός.
890 2333 1024 2410 illudque
1041 2352 1110 2393 rere
1127 2333 1153 2392 ‘o
1169 2335 1259 2395 Publi
1273 2381 1279 2395 .
1291 2382 1297 2394 .
1311 2381 1317 2395 .
1331 2336 1390 2396 aci-

181 2443 307 2503 pensere
321 2425 470 2503 (accubans
483 2447 546 2485 aare
563 2428 720 2488 Palatinus
737 2428 859 2504 primus,
873 2429 1009 2488 accubant
1021 2448 1084 2487 acro
1101 2428 1309 2504 Erlangensis)
1325 2447 1391 2488 cum

181 2521 361 2580 decumano'.
387 2521 413 2579 is
434 2520 508 2580 haec
528 2522 659 2598 loquitur
678 2523 737 2599 qui,
757 2521 788 2579 in
809 2523 963 2598 voluptate
979 2521 1050 2580 nihil
1070 2539 1195 2598 ponens,
1215 2530 1306 2599 negat
1326 2540 1392 2583 eum

179 2614 255 2674 bene
275 2631 382 2673 cenare
403 2614 454 2691 qui
474 2617 570 2675 omnia
584 2623 679 2692 ponat
691 2618 722 2675 in
736 2617 904 2692 voluptate:
927 2621 959 2675 00
972 2621 1071 2675 00000
1084 2634 1143 2674 000
1157 2622 1249 2690 negat
1264 2617 1392 2675 libenter

180 2725 318 2785 umquam
342 2725 466 2768 cenasse
486 2708 656 2770 Gallonium
678 2709 862 2785 (mentiretur
881 2709 980 2786 enim),
1003 2709 1057 2768 sed
1077 2710 1163 2768 bene.
1193 2710 1236 2768 ita
1261 2711 1392 2784 graviter

180 2809 209 2862 00
228 2819 330 2861 severe
352 2803 535 2878 voluptatem
556 2804 684 2862 secernit
704 2821 722 2860 a
741 2803 829 2861 bono.
859 2821 896 2861 ex
917 2820 975 2879 qno
994 2802 1067 2861 illud
1089 2803 1224 2875 efficitur,
1245 2805 1296 2879 qui
1315 2805 1391 2863 bene

180 2901 301 2971 000000,
323 2913 424 2955 00000
443 2896 571 2956 libenter
591 2913 712 2971 cenare,
733 2897 781 2973 001
803 2896 939 2972 libenter,
960 2913 1018 2954 non
1040 2896 1181 2955 continuo
1200 2897 1285 2955 bene.
1317 2914 1391 2955 sem·

179 3007 232 3066 per
253 2989 378 3050 Laelius
400 2991 484 3048 bene.
511 2991 582 3067 qnid
602 2989 697 3050 bene?
718 2989 798 3050 dicet
811 2991 961 3049 Lucilius:
983 2989 1088 3066 ‘cocto,
1109 2989 1247 3048 condito’.
1273 2990 1326 3048 sed
1344 3007 1390 3048 ce·

180 3083 217 3142 do
242 3088 336 3159 caput
357 3100 462 3142 cenae:
488 3083 634 3144 ‘sermone
658 3085 754 3144 bono’.
785 3084 855 3161 quid
880 3102 918 3143 ex
941 3082 997 3144 eoi
1025 3083 1062 3142 ‘si
1086 3083 1219 3160 quaeris,
1240 3083 1390 3143 libenter’:

178 3177 318 3237 veniebat
339 3176 417 3236 enim
441 3175 480 3236 ad
506 3194 610 3236 cenam
632 3184 665 3237 ut
688 3178 908 3255 animoquieto
929 3178 1052 3237 satiaret
1073 3176 1222 3235 desideria
1241 3178 1391 3237 naturae.”

257 3273 339 3330 Acro
364 3271 403 3329 ad
423 3271 541 3331 Horatii
564 3289 728 3331 sermonum
753 3290 786 3347 u,
800 3273 828 3346 2,
841 3270 877 3330 41
901 3271 1031 3331 ‘Galloni
1055 3271 1213 3346 praeconis
1239 3273 1306 3329 erat
1330 3271 1390 3330 aci·

179 3381 304 3442 0000000
325 3381 429 3423 00000
448 3364 592 3425 Infamis’.
628 3364 804 3424 “Gallonius
826 3365 947 3440 quidam
967 3365 1022 3424 fuit
1040 3380 1167 3440 praeco,
1189 3365 1238 3440 qni
1259 3363 1391 3424 habebat

178 3464 353 3536 apparatum
373 3458 546 3518 convivium.
580 3475 667 3534 quem
686 3458 820 3517 Lucilius
841 3457 930 3516 etiam
949 3458 1058 3534 pulsat.
1092 3456 1140 3515 hic
1161 3456 1250 3515 etiam
1272 3457 1390 3532 acipen-

178 3570 274 3613 serem
295 3553 356 3612 suis
377 3552 521 3611 conviviis
542 3550 729 3610 exhibebat.”
824 3550 930 3610 Cicero
950 3551 1036 3628 epist.
1067 3550 1107 3611 ad
1128 3550 1260 3609 Atticum
1274 3552 1389 3625 x1u,52

178 3645 307 3722 “Itaque
326 3651 356 3706 et
376 3643 439 3705 edit
464 3650 495 3703 et
514 3645 591 3703 bibit
611 3637 711 3712 ἀδεῶς
731 3650 762 3703 00
781 3644 926 3719 iucunde,
947 3645 1070 3721 opipare
1092 3661 1163 3704 sane
1184 3650 1214 3703 00
1234 3651 1390 3721 apparate,

177 3756 233 3799 nee
252 3739 284 3798 id
306 3739 410 3815 solum,
434 3738 488 3798 sed
508 3737 594 3798 ‘bene
614 3743 716 3810 coeto,
737 3738 868 3813 condito,
890 3755 1024 3798 sermone
1046 3740 1134 3813 bono,
1156 3745 1195 3813 00,
1216 3739 1240 3796 01
1262 3737 1390 3815 quaeris,

177 3833 339 3893 libenterl'

256 3924 340 3988 1007.
383 3924 491 3984 Cicero
513 3925 550 3985 de
572 3933 689 3986 oratore
704 3945 736 4001 u,
747 3927 794 4001 62,
805 3927 861 3986 253
883 3924 1056 4001 “Ambigua
1077 3933 1147 3986 sunt
1161 3927 1189 3985 in
1203 3925 1304 4002 primis
1320 3942 1388 3984 acu·

177 4026 209 4082 ta
230 4025 320 4097 atque
340 4021 370 4080 in
391 4021 484 4080 verbo
504 4020 612 4098 posita,
633 4038 692 4079 non
706 4020 735 4078 in
749 4036 781 4077 re
797 4025 885 4078 ...ut
898 4019 971 4078 illud
988 4019 1132 4093 Africani,
1154 4020 1235 4094 quod
1248 4026 1295 4079 est
1307 4019 1388 4096 apud

178 4115 337 4192 Lucilium,
357 4113 439 4191 ‘quid
456 4161 463 4176 .
476 4160 482 4173 .
494 4115 642 4192 .100010’.”

254 4373 320 4429 999.
341 4369 461 4430 *cont
477 4368 626 4430 commin
647 4366 735 4427 Lner.
756 4384 785 4443 p.
801 4367 849 4426 29.
