3044 5032
636 335 898 386 XXVI-XXVIIII
917 389 921 396 ,
1217 416 1219 420 ³
1329 333 1370 397 93

265 502 411 589 Hymnis,
434 523 501 588 ego·
519 504 662 570 animum
677 505 724 571 sic
739 504 866 589 induco,
889 503 976 588 quod
991 509 1025 569 tu
1040 503 1082 569 ab
1098 503 1213 568 insano
1230 503 1369 588 auferas,

266 707 402 794 Hymnis
425 709 496 776 sine
519 712 614 796 cugio
637 732 676 778 ac
699 711 834 777 destina.
880 773 883 777 ,

265 935 350 980 nunc
372 916 482 982 itidem
504 918 623 1002 populo
647 918 729 983 istuc
751 917 900 1000 scripturi
923 916 1081 983 voluimus

267 1037 383 1103 capere
405 1019 547 1085 animum
569 1021 700 1086 illorum

175 1231 224 1288 est
269 1216 454 1310 ὠμοτριβὲς
477 1226 583 1292 oleum
607 1226 743 1293 Casinas

178 1428 199 1470 l*
263 1429 385 1493 homini
407 1430 512 1495 amico
534 1450 573 1495 ac
597 1431 749 1497 familiari
772 1438 907 1498 nonest
931 1431 1058 1496 mentiri
1082 1451 1197 1498 meum.

178 1636 199 1676 *
814 1638 897 1704 collo
921 1643 1018 1723 caput

266 1743 470 1823 sustentatur,
493 1746 623 1807 truncus
645 1741 819 1808 sustinetur
841 1740 1080 1808 coxendicibus.

235 2044 301 2101 851.
340 2039 456 2100 Nonius
477 2059 506 2117 p.
518 2042 615 2116 330‚9
636 2039 813 2116 “Induoere,
833 2041 1025 2117 persuadere.
1051 2043 1186 2112 Lucilius
1206 2042 1257 2101 lib.
1273 2052 1376 2093 mm

160 2135 283 2215 ‘hymnis
298 2182 304 2196 .
317 2181 323 2195 .
335 2181 341 2195 .
355 2136 436 2212 quod
450 2155 511 2194 rua
532 2136 574 2211 (tu
589 2135 773 2196 Genevensis
795 2142 825 2195 et
840 2136 1012 2213 Leidensis)
1035 2137 1073 2197 ab
1093 2138 1198 2196 insano
1219 2134 1372 2196 auferas'.”

237 2228 381 2309 (xxvnrd)

141 2342 144 2347 ·
235 2327 301 2384 852.
341 2324 458 2383 Nouius
479 2342 508 2399 p.
520 2327 584 2400 107,
597 2327 634 2383 31
657 2324 816 2401 “Eugium
837 2325 935 2384 media
954 2343 1025 2402 pars
1047 2325 1124 2384 iuter
1143 2328 1291 2386 naturalia
1311 2345 1372 2385 mu·
1397 2351 1399 2355 ⁷

159 2419 270 2480 liebria.
301 2418 435 2478 Lucilius
454 2422 484 2475 ia
504 2420 599 2494 epodio
619 2417 743 2494 ‘hymnis
759 2419 953 2479 ...destinat
981 2418 1127 2478 Laberius
1148 2420 1178 2480 in
1192 2422 1372 2481 Centenario

160 2514 261 2592 ‘quare
283 2520 343 2573 tam
369 2512 493 2572 arduum
514 2512 680 2573 ascendas?
712 2532 751 2572 an
771 2514 939 2590 concupisti
960 2515 1080 2589 eugium
1100 2515 1236 2576 scindere
1244 2515 1264 2576 l'
1272 2515 1287 2540 ''

160 2608 246 2668 Idem
266 2607 384 2667 Nouius
404 2625 433 2684 p.
442 2609 509 2683 490,
520 2610 557 2668 20
579 2605 749 2680 “Deliritas‚
771 2609 916 2669 deliratio
942 2609 1089 2669 Laberius
1110 2611 1266 2687 ‘quaenam
1280 2623 1381 2687 mens·

160 2721 234 2780 quae
244 2703 378 2762 delinitas
389 2720 443 2761 vos
455 2702 646 2778 subpolitoris
658 2701 729 2761 iacit
739 2719 804 2762 cum
815 2721 890 2762 cano
901 2704 988 2777 cugio
1000 2703 1197 2780 puellitarii'¹’
1230 2706 1372 2780 (xxvnrl)

235 2798 300 2856 853.
341 2797 457 2856 Nonius
477 2816 507 2872 p.
522 2797 589 2868 253,
605 2797 641 2853 14
660 2794 811 2871 “Capere,
832 2797 991 2854 delectare.
1074 2796 1208 2856 Lucilius
1229 2798 1280 2857 lib.
1297 2809 1377 2849 XXVI

160 2889 244 2950 ‘nunc
261 2935 286 2950 ..
300 2909 413 2949 ,mrum
433 2908 654 2947 scnrrnoumus
674 2890 818 2949 voluimus
834 2937 840 2949 .
854 2937 860 2950 .
873 2935 879 2948 .
890 2889 1040 2948 illorum’.’'
1118 2893 1204 2964 (xxm
1216 2889 1241 2964 t)

237 2987 302 3044 855.
345 2985 517 3043 Priscianus
538 2987 633 3059 paee
654 2983 806 3044 “Naeuius
828 2984 1000 3044 neutraliter
1019 2983 1075 3044 hoc
1094 2984 1227 3045 Samnite
1248 2984 1372 3061 protulit
1421 3047 1423 3050 Α

158 3079 186 3139 in
208 3079 337 3140 carmine
357 3079 428 3138 belli
449 3079 565 3138 Punici,
597 3079 739 3139 adonius
761 3078 982 3157 similitudinem
1010 3079 1099 3140 debet
1124 3071 1213 3140 etiam
1232 3079 1289 3137 hoo
1311 3078 1372 3136 dite

159 3173 226 3235 dici.
308 3173 442 3231 Lucilius
463 3179 561 3232 tamen
581 3167 762 3249 ’ὥμοτριβές
783 3175 878 3233 oleum
901 3174 1041 3235 Casinas'
1060 3193 1115 3252 pro
1137 3173 1306 3234 Casinate.''

235 3271 300 3328 856.
342 3267 522 3328 Lactantius
543 3269 635 3328 instit.
646 3287 687 3342 vr,
700 3270 774 3341 18,6
796 3267 923 3344 “ltaque
944 3271 1041 3329 viator
1061 3270 1110 3329 ille
1127 3287 1213 3328 verus
1228 3287 1263 3327 ac
1277 3269 1371 3326 iustus

156 3378 217 3422 non
238 3363 317 3422 dicet
336 3361 408 3421 illud
430 3362 619 3422 Lucilianum
640 3360 760 3420 ‘homini
775 3407 781 3418 .
794 3407 800 3419 .
812 3405 819 3420 .
831 3363 960 3420 meum'‚’'
1434 3363 1438 3370 '

242 3455 306 3517 857.
347 3456 463 3515 Nonius
484 3475 513 3532 p.
526 3457 601 3528 94,5
623 3455 843 3527 “Ooxendicas
871 3473 963 3516 coxas
978 3457 1150 3531 (cocsendtcc
1162 3475 1232 3515 cora
1246 3455 1373 3515 Leiden-

153 3550 219 3629 sis).
246 3551 381 3610 Lucilius
403 3549 514 3608 ‘cucur
536 3567 616 3606 cono
639 3546 696 3626 (sic
719 3551 924 3609 Basileenses:
945 3561 1031 3625 capnt
1049 3553 1121 3609 collo
1138 3551 1251 3627 priores
1268 3550 1371 3609 editio·

153 3648 222 3721 nes)
247 3655 410 3720 stemptatur
436 3644 611 3720 (ostentatur
636 3644 763 3722 priores)
790 3650 912 3703 truncus
938 3643 1100 3704 sustinetur
1119 3664 1138 3702 a
1159 3645 1371 3705 coxendicibus

154 3739 189 3817 (a
209 3740 409 3799 cocceadc'cibus
428 3735 665 3811 Basileeuses)'.''

235 4016 300 4074 851.
342 4014 444 4073 Malim
464 4016 591 4092 Hyrcanis,
612 4033 659 4089 eqo
680 4016 801 4072 acimum
820 4015 872 4073 boc
890 4016 1000 4074 induco.

237 4091 303 4153 857.
345 4092 526 4152 Emendavit
541 4091 732 4152 Godofredus
747 4091 938 4150 Hermannus
960 4093 989 4149 iu
1010 4091 1104 4166 praef.
1126 4090 1163 4149 ad
1178 4089 1282 4149 Plauti
1294 4089 1370 4148 Bac-

158 4166 261 4230 chides
283 4188 312 4242 p.
324 4189 352 4229 v,
377 4169 455 4228 idem
470 4170 595 4229 contulit
615 4187 691 4246 quae
706 4169 841 4228 Isidorus
863 4170 990 4244 orig.x1,
1004 4171 1029 4239 1,
1045 4170 1082 4226 72
1103 4167 1193 4226 habet
1214 4167 1369 4226 “Truncus

156 4247 256 4306 media
273 4265 345 4323 pars
367 4247 502 4324 corporis
521 4265 540 4305 a
560 4246 637 4305 collo
660 4246 698 4304 ad
719 4246 849 4320 inguina.
884 4247 921 4304 de
943 4264 1001 4323 quo
1016 4244 1156 4320 Nigidius
1177 4244 1223 4305 ‘ca
1247 4251 1279 4303 ut
1293 4245 1370 4303 collo

157 4323 290 4396 vehitur,
312 4330 434 4383 truncus
459 4325 621 4383 sustinetur
644 4324 727 4383 coxis
749 4330 778 4382 et
802 4323 928 4398 genibus
950 4322 1178 4398 cruribusque'.”
1215 4263 1303 4381 dont
1328 4323 1368 4382 M.

158 4400 301 4462 Hertzius
321 4401 357 4460 de
378 4401 501 4478 Nigidio
522 4420 552 4478 p.
566 4403 613 4460 43.
