3044 5032
708 328 802 377 xxm

173 498 219 559 525
354 494 489 577 insignis
511 493 599 561 varis
621 494 766 559 cruribus
789 502 820 561 et
841 497 959 581 petilis.

352 680 517 767 Zopyrion
539 681 652 747 labeas
676 680 782 748 caedit
803 684 960 768 utrimque
982 704 1085 750 secus.

258 885 374 930 nasum
394 867 504 933 rectiu’
528 887 612 934 nune
633 867 753 934 homini
776 876 824 935 est
846 890 982 937 suraene
1003 872 1169 957 pedesne?

681 1190 835 1275 XXIII

259 1377 481 1462 iucundasque
504 1399 585 1464 puer
607 1355 661 1466 qui
683 1380 840 1447 lamberet
862 1400 917 1447 ore
938 1383 1105 1467 placentas

681 1682 833 1788 XXVI
849 1697 856 1710 '

261 1919 326 1984 qua
348 1906 478 1985 propter
500 1900 609 1966 delere
632 1906 663 1966 et
685 1900 792 1986 cupidi
814 1901 955 1967 officium
977 1901 1094 1985 fungor
1115 1900 1257 1968 uberum.

119 2148 125 2155 .
173 2095 219 2155 525
255 2086 397 2153 munifici
420 2107 591 2171 comesque
614 2087 726 2152 amieis
748 2088 868 2154 nostris
888 2089 1057 2155 uideamur
1078 2087 1149 2154 viri.

259 2274 401 2358 denique
417 2274 500 2341 adeo
515 2275 600 2340 male
615 2294 666 2339 me
682 2274 842 2359 accipiunt
856 2274 999 2343 decimae
1014 2281 1046 2340 et
1060 2276 1252 2359 proveniunt
1266 2275 1360 2359 male,

231 2500 298 2559 520.
336 2497 453 2556 Nonius
474 2515 502 2574 p.
519 2497 614 2572 149,t
637 2497 801 2572 “Petilum,
821 2504 909 2557 tenue
929 2503 960 2556 et
979 2497 1064 2556 exile.
1104 2496 1236 2556 Lucilius
1257 2497 1307 2557 lib.
1318 2510 1366 2550 xrr

152 2593 287 2669 ‘insignis
307 2609 406 2650 varrus
428 2609 576 2650 cnucnrus
598 2598 627 2651 et
648 2592 783 2667 petilis'.”

231 2688 297 2744 521.
338 2684 454 2744 Nonius
475 2704 504 2761 p.
519 2688 586 2758 210,
603 2687 640 2744 28
661 2683 806 2743 “Larium
821 2685 916 2743 neutri
930 2691 977 2743 est
990 2685 1106 2759 generis
1120 2727 1143 2743 ..
1158 2685 1280 2743 labeas
1300 2703 1361 2742 rnr-

154 2797 219 2840 sum
240 2779 378 2838 feminini.
464 2778 598 2838 Lucilius
621 2784 786 2851 satyrarum
805 2779 856 2837 lib.
870 2796 936 2834 xxn
957 2777 1108 2853 ‘zopyrion
1124 2778 1303 2836 ...secus’.”

147 2884 150 2889 '
231 2874 298 2934 522.
336 2874 453 2932 Nonius
474 2891 503 2948 p.
519 2874 585 2946 215,
599 2872 616 2929 5
639 2869 761 2930 “Nasus
776 2871 927 2930 ...neutri
943 2871 1074 2934 ...idem
1093 2871 1144 2930 lib.
1159 2889 1223 2927 mur
1249 2869 1362 2929 ‘nasum

153 2985 270 3025 suanus
290 2967 386 3026 enul’

231 3063 297 3120 523.
337 3061 511 3121 Priscianus
532 3079 560 3136 p.
576 3060 635 3118 884
655 3057 792 3119 “Lambo
813 3077 931 3137 queque
952 3060 1051 3121 lambi.
1081 3059 1214 3120 Lucilius
1234 3063 1264 3122 in
1285 3081 1361 3119 xxm

155 3154 210 3232 (sic
231 3155 329 3214 omnia
349 3172 424 3231 qnae
444 3157 483 3213 M.
505 3155 647 3215 Hertzius
668 3153 742 3214 vidit
762 3154 958 3231 exemplaria,
986 3154 1040 3212 nisi
1066 3155 1146 3232 quod
1167 3157 1264 3215 codex
1285 3155 1360 3217 San-

154 3249 301 3326 gallensis
323 3249 435 3308 saeculi
454 3248 525 3306 noni
548 3267 606 3307 uon
627 3248 719 3307 habet
737 3247 866 3326 iaxxnr)
886 3247 1100 3324 ‘iucundasque
1115 3294 1122 3308 .
1135 3294 1141 3308 .
1154 3295 1160 3308 .
1172 3251 1363 3325 placentas’.''

232 3343 298 3402 524.
338 3343 455 3402 Nonius
476 3362 505 3419 p.
523 3346 599 3417 18,6
621 3342 783 3400 “Delerare
804 3347 851 3399 est
871 3341 907 3401 de
927 3349 1010 3401 recto
1031 3341 1185 3400 decedere.
1207 3343 1360 3402 ...Lucil

152 3455 228 3497 xxvi
249 3436 441 3514 ‘quapropter
456 3436 622 3509 ...fungor
641 3433 821 3492 nunnuun’.”
1010 3461 1013 3466 ·

230 3532 296 3590 525.
335 3529 451 3589 Nonius
472 3547 501 3606 p.
516 3531 562 3604 23,
579 3530 615 3587 14
635 3527 788 3588 “Mones”.
818 3527 850 3586 id
864 3533 910 3586 est
922 3546 1028 3586 moeurs
1048 3528 1109 3588 sive
1129 3549 1228 3589 munes.
1261 3536 1290 3589 et
1304 3551 1361 3589 mu·

151 3644 202 3683 aus
217 3629 247 3683 55
259 3628 399 3699 meaptcos
419 3630 534 3684 veteres
556 3640 614 3681 non
634 3629 695 3682 tam
715 3625 821 3698 largos
843 3622 954 3680 dixisse
975 3640 1064 3697 quam
1084 3625 1302 3684 consentientes
1323 3625 1362 3684 ad

153 3735 189 3777 ea
208 3735 286 3794 quae
306 3719 392 3777 amici
412 3719 531 3778 vellent.
561 3715 715 3775 “Lucilius
738 3717 790 3776 lib.
806 3734 880 3773 xxvr
901 3715 1038 3774 ‘munifici
1055 3718 1199 3776 ...viri’.”

231 3813 297 3872 526.
337 3810 453 3871 Nouius
474 3829 503 3888 p.
518 3813 583 3885 521,
603 3814 617 3868 l
639 3810 840 3869 “Proventum
861 3810 948 3869 etiam
969 3811 1111 3870 malarum
1131 3825 1227 3872 rerum
1242 3814 1300 3872 dici
1315 3831 1362 3872 ve·

153 3912 232 3967 teres
259 3906 422 3966 voluerunt.
468 3904 603 3964 Lucilius
632 3904 683 3963 lib.
700 3922 775 3961 xxvr
802 3903 938 3980 ‘denique
968 3902 1029 3980 (sic
1054 3907 1220 3965 Mercerus:
1250 3908 1364 3982 danque

153 3999 267 4075 Iunius,
288 4001 351 4057 deta
371 4018 441 4078 qaae
465 3998 667 4072 Besileenses,
687 3999 835 4074 dandoque
855 3998 924 4057 elim
943 3998 1093 4074 impressi)
1108 4043 1114 4056 .
1127 4042 1133 4056 .
1145 4042 1151 4055 .
1163 3999 1272 4058 male’.’'

231 4215 298 4274 520.
336 4219 414 4274 carte
433 4214 557 4272 cruribus
576 4211 690 4271 Iunius.

231 4293 298 4350 522.
338 4292 441 4351 Iunius
461 4308 574 4349 mraecc
591 4289 716 4365 pedesve.

232 4369 297 4428 524.
337 4369 450 4444 Delir0‚
470 4367 575 4444 inquit,
595 4371 626 4426 55
646 4363 748 4425 similis
770 4380 833 4424 sum
852 4377 945 4439 puero
965 4359 1098 4420 lactenti.
