3044 5032
714 306 821 356 XXVII

278 468 359 536 haec
381 477 416 537 tu
438 472 467 537 si
489 473 579 538 voles
602 493 660 558 per
683 472 771 539 auris
794 481 905 558 pectus
928 474 1107 559 inrigarier‚

628 659 819 747 praetepido
842 661 1019 743 glutinator
1041 663 1175 745 glutino.

271 845 300 910 si
322 845 515 910 miserantur
537 866 572 911 se
595 848 671 933 ipsi,
695 849 772 915 vide
794 867 835 912 ue
858 848 986 914 illorum
1010 869 1108 916 causa
1129 854 1276 937 superior

273 967 292 1012 e
315 948 386 1012 loco
409 967 446 1013 se
468 950 657 1016 conlocarit.

155 1128 226 1194 ⁶2⁰
270 1135 492 1220 suspendatne
516 1157 551 1202 se
574 1157 658 1203 anne
680 1139 714 1202 in
737 1139 882 1222 gladium
897 1141 1075 1227 incumbat,
1099 1163 1140 1208 ue
1156 1146 1280 1210 caelum
1295 1149 1376 1208 ruat.
1413 1200 1416 1206 .

680 1510 853 1595 XXVII

271 1725 367 1792 modo
390 1746 531 1811 sursum,
555 1725 651 1791 modo
675 1726 839 1812 deorsum,
863 1733 1026 1813 tamquam
1049 1731 1150 1796 collus
1173 1731 1292 1817 cernui.

271 1914 352 1979 nulli
373 1933 425 1979 mc
446 1914 604 1996 invidere,
628 1933 694 1978 uon
716 1914 900 1982 strabonem
922 1917 990 1983 fieri
1015 1919 1145 2003 saepius

271 2016 394 2081 deliciis
418 2035 469 2081 me
492 2016 638 2099 istorum,
950 2012 957 2029 ’

144 2157 377 2194 N...-

242 2274 307 2332 616.
348 2272 464 2332 Nouius
485 2291 513 2348 p.
528 2270 595 2345 497,
610 2274 647 2331 30
668 2270 887 2333 “Accusativus
909 2276 955 2334 vel
976 2276 1172 2335 nominativus
1192 2293 1248 2351 pro
1270 2276 1374 2335 abluti-

150 2362 212 2422 Ἢ).
294 2368 428 2426 Lucilius
450 2374 614 2443 satyrarum
634 2366 689 2440 (sic
710 2367 775 2424 sola
789 2367 971 2429 Basileeusis
993 2369 1102 2429 editio:
1124 2370 1227 2429 Iunius
1249 2376 1279 2429 et
1298 2373 1374 2430 Mer·

154 2461 250 2520 Gerus
271 2461 423 2537 omittunt)
443 2461 493 2521 lib.
510 2480 585 2518 xxv1
606 2460 690 2520 ‘haec
711 2466 743 2519 tu
760 2462 1009 2537 ...iurigarier'l’

240 2554 305 2615 617.
345 2554 463 2613 Nonius
490 2572 519 2630 p.
533 2555 600 2628 491,
619 2557 656 2613 29
683 2554 817 2614 “Glutioo
843 2574 898 2632 pro
919 2557 1045 2631 glutine.
1080 2557 1215 2617 Lucilius
1236 2559 1286 2619 lib.
1301 2578 1375 2617 xxvu

157 2631 367 2708 ‘natussum
390 2648 492 2724 tepido
512 2648 676 2723 glutiuacor
696 2650 861 2723 glutinor'.''

240 2745 305 2803 618.
346 2743 461 2803 Nouius
482 2743 590 2818 p.499,
606 2745 641 2801 18
662 2735 809 2801 “Dativus
829 2761 885 2818 pro
903 2745 1082 2804 accusativo.
1166 2746 1299 2805 Lucilius
1322 2747 1372 2805 lib.

162 2844 239 2893 xxvu
260 2837 295 2896 ‘si
310 2885 316 2897 .
331 2883 337 2896 .
350 2841 507 2913 superero
527 2837 593 2894 loeo
614 2837 848 2894 conuocnvm’.”

240 2933 304 2991 620.
345 2931 461 2991 Nonius
477 2950 504 3007 p.
517 2933 613 3005 502ss
634 2929 856 2990 “Accusativus
873 2948 928 3008 pro
945 2929 1059 2990 dativo.
1087 2932 1221 2992 Lucilius
1237 2933 1288 2994 lib.
1299 2951 1374 2989 xxvu

169 3024 377 3104 ‘suspendatne
399 3043 430 3084 se
452 3045 490 3081 nu
510 3025 541 3083 in
556 3073 561 3084 .
575 3071 580 3082 .
594 3072 600 3085 .
613 3026 726 3084 caelum
746 3025 873 3082 vivnu’.’'

240 3122 306 3179 621.
347 3120 463 3179 Nouius
485 3139 513 3197 p.
530 3121 611 3195 21,4
632 3119 789 3180 “cernuus
811 3119 918 3178 dicitur
943 3121 1063 3198 proprie
1089 3121 1261 3195 inclinatuS‚
1289 3121 1374 3198 quasi

167 3214 244 3292 quod
269 3222 379 3274 terram
405 3220 517 3273 cernat.
544 3259 593 3274 ...
615 3214 749 3273 Lucilius
772 3222 937 3274 saturarum
957 3216 1007 3276 lib.
1023 3235 1109 3273 xxvu
1129 3214 1227 3274 ‘modo
1243 3263 1248 3275 .
1262 3261 1269 3274 .
1282 3261 1287 3273 .
1299 3217 1374 3274 colos

167 3309 301 3369 oeruui'.”
398 3308 484 3367 Idem
510 3327 540 3384 p.
555 3308 621 3381 200,
646 3309 680 3366 18
707 3306 843 3367 “Collum
869 3311 965 3368 neutri
991 3316 1037 3369 est
1061 3309 1188 3384 generis·
1215 3337 1259 3367 ..·.
1279 3310 1372 3368 collus

165 3403 325 3464 masculino
340 3447 346 3459 .
359 3447 366 3462 .
378 3448 384 3462 .
396 3402 474 3461 idem
493 3403 544 3460 lib.
560 3419 646 3458 xxvu
670 3400 768 3461 ‘modo
784 3450 789 3462 .
803 3451 808 3463 .
822 3450 828 3462 .
842 3403 934 3461 collus
956 3404 1077 3460 cernio’.''
1336 3397 1337 3401 ’

240 3498 305 3556 622.
346 3495 463 3555 Nonius
484 3515 513 3573 p.
525 3494 600 3571 2l‚6
622 3495 809 3556 “Straboues
832 3502 900 3554 sunt
920 3497 1044 3555 strambi
1061 3495 1185 3573 (strabi),
1206 3511 1281 3571 quos
1296 3511 1373 3553 nunc

166 3590 300 3652 dicimus.
323 3636 348 3648 ..
362 3638 368 3651 .
385 3590 519 3650 Lucilius
542 3591 591 3651 lib.
608 3610 691 3648 xxvu
713 3590 796 3649 ‘nulli
810 3635 816 3648 .
829 3636 835 3647 .
849 3635 854 3648 .
866 3590 1024 3649 istorum'.”

240 3826 306 3884 618.
345 3824 476 3882 Nonium
497 3841 556 3882 uon
576 3824 727 3898 intellego,
749 3824 806 3882 uisi
826 3824 942 3899 putavit
960 3825 1015 3898 opst
1036 3839 1102 3880 esse
1125 3821 1265 3880 dativum.

239 3903 305 3961 621.
346 3902 392 3960 De
414 3920 511 3958 canno
532 3901 666 3976 imperite
687 3900 812 3974 Nonius,
834 3909 866 3959 ut
886 3901 975 3958 solet.
1011 3896 1132 3958 Seruius
1158 3897 1196 3956 ad
1217 3895 1372 3956 Aeneidos

163 3999 183 4037 x
202 3999 231 4057 p.
248 3977 302 4038 cll
325 3977 456 4039 ‘Cernens
477 3981 576 4036 dicitur
596 3997 679 4054 equus
699 3982 745 4053 qut
766 3981 843 4035 cadit
860 3982 890 4034 in
903 3981 1019 4053 factem,
1040 3981 1119 4052 quusi
1137 3979 1166 4033 ia
1186 3995 1246 4032 eom
1260 3982 1374 4049 portem

164 4060 264 4118 cadem
285 4075 368 4133 quom
388 4056 419 4130 (l.
437 4056 504 4131 quo)
526 4060 676 4112 cernimus:
699 4057 771 4112 anda
791 4065 817 4113 et
832 4075 936 4130 pucros
960 4073 1027 4130 qnos
1049 4058 1079 4109 in
1104 4055 1175 4109 ludis
1197 4053 1318 4109 videmus
1341 4069 1374 4108 cc

159 4144 244 4209 parte
271 4153 328 4210 qua
348 4143 461 4190 cernunt
479 4142 588 4202 stantes,
608 4136 869 4201 consolamentum
892 4141 923 4189 ct
941 4137 1022 4189 etium
1047 4132 1138 4190 Varro
1160 4133 1190 4186 in
1209 4130 1281 4186 lodis
1301 4129 1373 4184 ticc-

165 4212 280 4269 tralidoc
302 4210 396 4269 docet?
427 4211 604 4285 glossarium
626 4209 783 4268 Philoxeni
808 4209 937 4280 ‘Censuit
957 4203 1203 4282 πεπεταύρισται.
1237 4206 1374 4274 Ocrnclct,

164 4287 320 4370 κυβιστιᾷ.
350 4288 467 4357 Cornuti,
487 4284 698 4361 πεταυρισταί.
725 4286 880 4359 Gemmas,
901 4280 1126 4359 πεταυριστής.’
1212 4282 1290 4341 *De
1305 4299 1373 4357 pro·

164 4363 255 4426 ducta
274 4385 290 4425 o
311 4364 341 4423 in
361 4366 443 4424 modo
465 4366 542 4424 conf.
558 4364 703 4424 commin
722 4363 812 4422 anr.
833 4382 863 4439 p.
881 4363 944 4421 141.
