3044 5032
267 327 309 392 46
750 338 752 343 ·
827 331 910 383 xlm

290 505 339 565 005
377 518 498 586 cenam,
522 499 634 585 inquit,
657 500 780 566 nullam
803 520 908 585 neque
931 500 1004 566 divo
1026 499 1207 586 proscciam
1228 499 1329 566 ullam

374 670 526 737 dilectum
547 670 643 738 video
667 671 812 738 studiose
834 673 951 754 vulgus
973 670 1102 737 habere.

377 834 455 918 quin
478 833 584 917 potius
608 832 707 898 vitam
730 832 828 914 degat
850 832 972 898 sedatu'
997 833 1148 917 quietam.

380 942 499 1021 quanto
524 935 679 1019 antiquiu’
705 954 801 1018 quam
823 934 929 1000 facere
952 934 1013 1000 hoc
1035 935 1150 1001 fecisse
1173 934 1325 1001 videristl

375 1115 445 1161 cum
468 1097 548 1161 illud
571 1095 698 1179 confiat,
724 1094 810 1179 quod
831 1096 1063 1162 manducemur
1084 1097 1118 1161 in
1140 1116 1205 1163 ore.

284 1264 339 1323 4⁰⁰
378 1278 472 1342 quem
493 1264 619 1323 metuas
641 1276 749 1342 saepe,
772 1258 855 1323 inter
877 1256 952 1323 dum
975 1279 1070 1342 quem
1090 1264 1181 1325 utare
1203 1260 1350 1325 libenter.

371 1440 446 1485 nam
468 1418 579 1504 paucis
601 1418 699 1483 malle
721 1438 761 1484 ac
783 1418 984 1503 sapientibus
1009 1440 1081 1485 esse
1104 1420 1276 1505 probatum

371 1515 393 1606 ἢ
415 1525 520 1589 πᾶσιν
542 1516 694 1588 νεκύεσσι
716 1519 1025 1608 καταφθιμένοισιν
1048 1515 1217 1592 ἀνάσσειν.

373 1685 415 1750 ad
436 1704 546 1769 regem
568 1685 688 1767 legatu'
711 1682 859 1749 Rhodum
883 1683 1052 1749 Ecbatana
1075 1704 1113 1750 ac
1134 1685 1339 1770 Babylonem
1398 1736 1400 1740 .

370 1788 433 1872 ibo,
458 1807 622 1853 cercurum
645 1807 778 1870 sumam,

281 1959 334 2017 405
535 1955 653 2034 puncto
676 1968 740 2013 uno
763 1947 855 2013 horai
879 1948 935 2032 qui
957 1968 1058 2032 prope
1082 1948 1205 2015 inursit.

342 2157 407 2213 395.
448 2152 565 2212 Nonius
586 2171 616 2229 p.
628 2154 695 2229 220,
710 2154 748 2211 20
769 2150 945 2225 “Prosecta
966 2158 1038 2212 exta
1056 2171 1134 2230 quac
1149 2155 1209 2214 aris
1224 2155 1333 2215 dantur
1347 2173 1385 2214 cx
1398 2157 1476 2218 fibris

179 2314 184 2320 ,
265 2248 413 2324 pecudum
435 2247 582 2321 dissecta,
603 2253 671 2305 sunt
691 2245 808 2321 generis
830 2246 932 2304 neutri.
1019 2246 1159 2306 feminino
1182 2248 1316 2310 Lucilius
1344 2250 1395 2311 lib.
1410 2269 1476 2308 xrm

263 2341 376 2402 ‘cenam
390 2387 397 2401 .
410 2388 417 2401 .
429 2387 436 2400 .
448 2358 636 2398 rnosncrlu
654 2340 762 2398 nllam’.
793 2339 894 2399 Varro
908 2337 1001 2416 erup—r
1021 2340 1184 2400 diuinarum
1204 2342 1255 2402 lib.
1266 2363 1298 2402 xi
1312 2343 1478 2420 ‘prosiciem

262 2442 397 2496 extorum
422 2437 468 2495 vel
489 2430 658 2492 immensam
678 2433 866 2510 porrigerc'.”

340 2532 406 2588 396.
447 2528 562 2587 Nouius
583 2546 612 2604 p.
627 2529 694 2600 230,
710 2528 745 2584 18
766 2525 906 2602 “Vulgus
921 2532 1024 2587 neutro
1046 2546 1154 2604 genere
1175 2531 1269 2590 solum
1290 2532 1350 2591 dici
1364 2538 1476 2610 putant.

262 2624 395 2684 Lucilius
417 2630 580 2699 satyrarum
601 2623 651 2681 lib.
668 2641 734 2677 xrur
756 2620 905 2680 ‘dilectum
921 2621 1126 2682 ...haberc'.”

339 2716 405 2777 397.
445 2717 563 2776 Nonius
592 2736 620 2794 p.
634 2717 703 2789 426,
724 2717 744 2774 4
763 2715 954 2793 “Antiquior,
980 2716 1090 2774 melior.
1179 2715 1313 2778 Lucilius
1338 2720 1392 2779 lib.
1410 2740 1477 2778 xuu

263 2812 344 2889 ‘quin
356 2813 455 2890 potius
470 2831 541 2868 uma
556 2811 653 2889 (citam
665 2812 733 2868 olim
745 2809 895 2887 impressi)
907 2857 913 2870 .
923 2828 1077 2870 ..scauro
1091 2810 1242 2888 antiquius
1254 2816 1477 2874 ...vlnuau1s’.”

339 2910 404 2966 399.
445 2905 561 2964 Nonius
582 2923 612 2981 p.
624 2902 693 2980 477,
707 2907 743 2963 10
764 2903 984 2963 “Manducatur
1001 2922 1055 2980 pro
1071 2906 1240 2966 manducat.
1328 2908 1407 2967 idem
1427 2910 1476 2969 lib.

265 3020 327 3058 run
348 3001 425 3058 ‘cum
445 3000 518 3058 illud
539 3018 612 3059 nuru
632 3016 743 3056 sacrun
758 3044 764 3057 .
777 3045 783 3058 .
797 3044 804 3058 .
819 2999 905 3058 ore'.''

337 3095 403 3152 400.
444 3094 473 3152 N
476 3095 560 3152 onius
579 3112 609 3171 p.
624 3095 691 3168 481,
707 3095 745 3152 22
765 3091 973 3153 “Libertatem
993 3093 1036 3151 uti
1054 3110 1109 3169 pro
1123 3093 1165 3152 uti
1179 3094 1326 3155 libertate.
1417 3097 1476 3156 Lu·

262 3186 348 3244 cilius
370 3192 534 3262 satyrarum
554 3188 605 3246 lib.
619 3206 684 3244 xuu
706 3186 802 3262 ‘quem
816 3232 824 3246 .
836 3231 862 3245 ..
878 3185 1039 3245 libenter’.''

338 3281 404 3339 401.
444 3281 559 3341 Nonius
583 3300 611 3358 p.
627 3284 728 3357 519,9
748 3280 911 3340 “Veterum
936 3281 1136 3340 memorabilis
1164 3282 1289 3340 scicntia
1314 3301 1475 3359 paucorum

261 3391 410 3432 nnmerum
430 3394 486 3452 pro
507 3377 592 3435 bonis
605 3378 746 3453 ponebat,
766 3376 874 3434 multos
891 3379 994 3433 contra
1008 3376 1103 3434 malos
1117 3377 1324 3451 appellabant.
1345 3423 1372 3438 ..
1388 3423 1395 3437 .
1414 3380 1475 3437 Lu-

261 3469 346 3527 cilius
373 3475 535 3546 satyrarum
561 3471 612 3529 lib.
632 3491 700 3528 xrur
725 3469 799 3526 ‘nou
823 3469 927 3544 paucis
949 3459 1032 3525 manu
1060 3467 1161 3546 (malla
1185 3469 1361 3546 Leidensis)
1388 3491 1476 3531 lcsrl

262 3563 447 3639 sapientibus
523 3584 677 3623 unriunccr
699 3580 979 3621 usuluomnuorcm
998 3564 1186 3623 succensu?

337 3660 403 3718 403,
445 3657 561 3718 Nonius
581 3678 610 3736 p.
623 3662 689 3733 533,
703 3661 741 3716 20
762 3656 917 3733 “Cercprus
931 3657 1014 3716 navis
1028 3664 1076 3717 est
1089 3659 1206 3719 Asiana
1218 3661 1409 3737 pergrandis.
1433 3708 1476 3725 ...

259 3750 338 3809 idem
352 3751 481 3811 librum
502 3753 551 3813 ‘ad
566 3799 572 3813 .
585 3800 610 3813 ..
626 3755 784 3812 etbatoaam
798 3797 805 3811 .
819 3797 844 3811 ..
860 3771 999 3828 σψιιννιιιι
1012 3770 1125 3811 sumam
1139 3752 1282 3831 (arsamum
1299 3754 1475 3834 Guelferby-

260 3844 394 3920 tanus)'.”

336 3940 402 3999 405.
443 3941 581 4000 Donatus
596 3943 635 4001 ad
652 3941 783 4000 'Pcrerrtii
800 3940 1045 4012 Phormionem,
1061 3945 1080 4000 4
1100 3960 1129 4018 p.
1140 3940 1196 4001 441
1220 3941 1316 4002 “Tum
1331 3947 1475 4023 temporis

260 4041 401 4110 punctum
416 4035 494 4094 mihi.
526 4035 672 4095 Punctum
693 4053 747 4111 pro
769 4040 961 4105 momentum3
982 4041 1015 4092 ut
1029 4034 1161 4095 Lucilius
1182 4037 1212 4094 iu
1233 4038 1347 4098 decimo
1369 4047 1476 4117 quarto

261 4166 463 4174 .—.-...—-.-.

335 4235 400 4291 398.
442 4233 554 4301 Quanto
574 4230 624 4288 Fr.
645 4229 758 4287 Dousa.

334 4310 400 4369 400.
440 4307 537 4383 Quem
557 4315 670 4366 metuas
693 4322 783 4381 saepe
804 4307 854 4364 nti.

335 4388 401 4445 401.
443 4386 644 4445 Correxerunt
663 4384 766 4441 Dcnsa
786 4387 817 4441 et
837 4383 895 4440 alii.
