3044 5032
648 316 785 367 l-xxv.
809 315 888 366 XXX

856 482 995 569 decusis,

176 650 178 655 .
270 590 342 657 sive
364 587 536 655 deensibus
559 592 619 653 est.

182 767 247 828 1090
270 761 435 847 pistricem
457 757 611 841 validam,
634 755 663 823 si
684 757 807 822 nummi
828 755 1091 842 suppeditabunt,

149 926 152 930 .
270 862 384 947 addas,
408 861 605 946 empleuron,
627 859 830 944 mamphulas
849 878 932 943 quae
955 858 1037 924 sciat
1058 859 1171 926 omnis.

270 1052 356 1100 nunc
378 1030 421 1099 ad
442 1038 475 1098 te
497 1028 606 1115 redeo,
629 1035 665 1096 ut
686 1048 771 1115 quae
793 1048 845 1096 res
867 1048 918 1096 me
939 1028 1104 1122 impendet
1125 1036 1251 1114 agatur.

173 1289 175 1293 A
264 1222 409 1288 nequam
431 1220 545 1267 aurum
566 1205 625 1285 est,
648 1200 736 1267 auris
760 1199 887 1284 quoivis
910 1199 1131 1268 vehementius
1153 1200 1264 1270 ambit.

267 1373 381 1460 prima,
404 1371 547 1457 Papiria,
570 1376 606 1437 tu
627 1369 818 1437 stolidarum
835 1419 1071 1439 ............

241 1529 323 1588 1088.
366 1525 464 1585 Varro
487 1523 525 1584 dc
550 1525 653 1601 lingua
683 1524 793 1583 Latina
811 1522 888 1583 libro
910 1542 944 1580 rx
963 1542 993 1601 p.
1010 1523 1125 1600 11t,38
1150 1522 1275 1584 “naam
1300 1524 1373 1584 illud

161 1625 269 1697 putant
287 1637 354 1680 esse
374 1633 484 1679 causae
502 1634 559 1683 cur
579 1635 638 1676 uon
659 1617 698 1676 sit
717 1614 815 1692 (addit
833 1621 863 1674 ia
882 1616 1085 1694 Florentinus)
1111 1601 1277 1692 analogia,
1292 1618 1374 1696 qnod

160 1713 297 1774 Lucilius
319 1713 424 1773 scribit
444 1712 565 1770 ‘uacuus
586 1711 649 1770 sive
671 1709 831 1770 deensibus
851 1712 915 1771 est’.
946 1713 997 1789 qui
1017 1718 1125 1787 errant,
1147 1712 1384 1789 qnodLucilins'

158 1823 220 1868 non
241 1806 344 1867 debuit
360 1807 508 1881 dubitare,
529 1804 610 1883 quod
631 1810 794 1880 utrumqne.
878 1805 915 1864 ab
937 1804 1082 1864 messibus
1101 1805 1198 1867 virilia
1212 1806 1390 1866 multitudir

156 1902 206 1962 nis
228 1900 267 1960 ‘hi
289 1901 408 1961 tresses'
430 1907 461 1959 et
480 1899 535 1959 ‘his
556 1897 703 1958 tressibns
725 1896 860 1972 conlido',
883 1898 1035 1974 singulare
1056 1897 1122 1958 ‘hoc
1141 1901 1247 1960 tressis
1267 1899 1373 1961 habeo’

159 2001 192 2056 et
213 1995 280 2054 ‘hoc
301 1994 388 2054 tresis
410 1993 545 2054 confido’.
577 1992 620 2051 sic
642 1989 783 2066 deinceps
804 1991 844 2052 ad
866 1992 1070 2068 (Florentinus
1091 1992 1122 2070 o)
1142 1993 1316 2055 centussis.’'

240 2089 322 2148 1090.
363 2087 474 2147 Festus
494 2106 524 2164 p.
541 2085 642 2157 142,4
666 2082 861 2160 “Mamphula
883 2086 1054 2161 appellatur
1076 2087 1163 2162 panis
1185 2087 1301 2165 Syriaci
1323 2107 1374 2166 ge·

156 2199 232 2257 nus,
256 2181 351 2259 quod,
377 2187 410 2240 ut
430 2182 473 2242 ait
492 2178 631 2252 Verrius,
651 2176 682 2235 in
702 2175 822 2236 clibano
843 2183 912 2236 ante
932 2195 1021 2255 quam
1040 2186 1242 2257 percoquatur
1263 2182 1375 2243 decidit

159 2276 191 2333 in
213 2276 359 2335 carbones
381 2276 575 2352 cineremque.
600 2272 683 2331 cuius
703 2267 835 2330 meminit
855 2271 997 2348 Lucilius,
1018 2273 1179 2350 ‘pistricem
1199 2295 1314 2333 usurus
1328 2322 1335 2337 .
1348 2322 1374 2337 ..

161 2368 293 2429 omnis'.'’
348 2367 449 2429 Varro
465 2371 502 2429 de
515 2369 618 2444 lingna
632 2363 746 2424 Latina
759 2364 865 2424 librov
878 2384 907 2442 p.
916 2367 971 2426 140
986 2365 1081 2426 “Inde
1097 2375 1166 2445 post
1180 2368 1211 2428 in
1226 2369 1298 2429 urbe
1314 2371 1373 2429 Lu·

160 2463 208 2522 cili
228 2462 355 2540 pistrina
375 2464 451 2539 (xvr,
465 2463 536 2540 449)
556 2467 587 2520 et
606 2457 742 2536 pistrix.”

117 2618 131 2633 ,
237 2557 320 2616 1092.
361 2556 471 2616 Festus
492 2556 624 2632 p.161,8
646 2553 713 2611 “Me
735 2568 790 2628 pro
811 2550 881 2610 mihi
902 2552 1043 2615 dicebant
1063 2555 1185 2634 antiqui,
1208 2563 1241 2617 ut
1257 2557 1373 2618 Ennius

161 2694 186 2708 ..
202 2694 208 2709 .
220 2655 251 2708 et
270 2647 405 2709 Lucilius
427 2648 515 2726 ‘nunc
530 2694 536 2708 .
550 2694 556 2708 .
569 2693 575 2705 .
588 2645 731 2724 agatur'.''

238 2745 321 2802 1093.
365 2743 475 2806 Festus
496 2761 525 2820 p.
541 2744 607 2815 165,
629 2745 663 2802 11
687 2738 844 2815 “Nequam
865 2758 1018 2802 ...ouon
1039 2742 1083 2800 vis
1106 2744 1283 2804 ...ambit’.
1316 2744 1373 2805 hoc

160 2854 246 2896 uersu
265 2835 363 2896 Lucili
385 2834 545 2911 significari
565 2833 609 2894 ait
630 2831 750 2894 Sinnius
771 2832 881 2909 Capito
909 2850 1034 2910 nequam
1055 2853 1122 2896 esse
1148 2854 1267 2914 aurum,
1292 2839 1374 2915 quod

160 2931 239 2991 auris
258 2930 371 3004 laedat,
392 2930 440 2989 rel
459 2928 593 3008 pondere
613 2927 769 3003 inaurium,
794 2944 860 2987 cum
883 2926 1056 2986 mollissima
1076 2946 1145 3005 pars
1167 2930 1246 2989 auris
1267 2929 1373 2990 incidi·

162 3031 226 3084 tur:
248 3025 294 3083 vel
315 3041 353 3083 cx
373 3041 446 3083 auro
466 3022 599 3098 intellegi
619 3023 785 3101 pecuniam,
807 3022 890 3082 cuins
911 3028 1050 3099 respectu
1065 3027 1095 3082 et
1109 3023 1198 3083 nimia
1212 3024 1374 3102 cupiditate

162 3119 295 3178 homines
317 3117 355 3177 ad
375 3116 562 3195 peccandum
582 3116 716 3176 adduci.''
1093 3182 1097 3187 ,

241 3214 325 3273 1094.
366 3209 551 3272 Scholiastes
568 3211 731 3272 Bobiensis
746 3211 785 3273 ad
800 3211 995 3271 Plancianum
1011 3208 1103 3269 Tullii
1117 3230 1145 3288 p.
1153 3213 1220 3286 254,
1230 3209 1262 3270 ll
1280 3211 1375 3273 Orelli

162 3306 346 3366 “Tusculani
366 3306 522 3382 plurimum
542 3305 644 3365 livoris
666 3307 839 3366 naturaliter
859 3306 949 3367 enam
963 3305 1044 3366 circa
1057 3305 1221 3382 municipes
1237 3323 1306 3364 suos
1322 3307 1372 3366 ha·
1492 3342 1495 3348 ·

158 3400 260 3460 baisse
287 3399 431 3459 videntur.
469 3399 511 3457 sic
532 3404 563 3456 et
581 3399 621 3458 M.
642 3400 720 3462 Cato
741 3401 790 3461 illc
812 3399 964 3460 censorius
990 3416 1046 3476 pro
1071 3399 1202 3476 maligno
1224 3406 1253 3461 et
1272 3400 1374 3461 invido

159 3495 280 3555 habitus
303 3496 358 3551 est.
390 3508 445 3550 nec
466 3490 553 3549 aliter
572 3491 661 3551 etiam
675 3494 812 3554 Lucilius
827 3493 864 3554 de
879 3493 1039 3566 eorundem
1054 3492 1184 3554 moribus
1200 3495 1300 3570 sentit,
1316 3496 1373 3557 hoc

158 3589 262 3648 dicens
284 3587 390 3664 ‘prima
405 3629 411 3643 .
425 3629 431 3643 .
444 3585 678 3644 .sor.1usuun'.''
709 3588 793 3650 addit
811 3589 909 3650 Maius
930 3586 1082 3664 ‘Sequitur
1096 3592 1194 3648 antem
1209 3589 1372 3651 versiculus

158 3682 293 3743 Graecus
314 3676 519 3739 oblitteratus’.

235 3827 321 3886 1088.
363 3826 449 3886 Haec
470 3823 709 3885 emendatissime
731 3828 844 3906 scripta
861 3828 1003 3888 Miillerus
1032 3828 1164 3888 barbara
1182 3829 1254 3889 lecit
1280 3829 1373 3908 impe-

154 3905 209 3963 rite
231 3902 418 3978 corrigendo.
454 3900 623 3963 Gronovius
643 3901 674 3961 in
695 3907 824 3980 pecnnia
843 3913 944 3967 vetere
964 3924 994 3982 p.
1010 3906 1048 3965 38
1068 3923 1127 3964 non
1147 3907 1294 3984 peccavit,
1318 3907 1373 3967 sed

154 3981 324 4041 fefellerunt
344 3997 411 4039 eum
431 3979 614 4056 exemplaria
636 3979 791 4057 impressa.
935 3983 940 3991 '

235 4059 318 4117 1090.
342 4057 483 4116 *calidam
503 4055 651 4132 Scaliger.

233 4135 316 4195 1094.
356 4134 499 4195 Horatius
521 4150 686 4193 sermonum
700 4152 734 4210 n,
751 4135 777 4209 1,
792 4134 830 4193 69
853 4134 1023 4194 “Primores
1050 4135 1155 4213 populi
1174 4134 1298 4213 arripuit
1316 4154 1369 4213 po·

153 4211 315 4289 pulumque
334 4211 494 4272 tributim.”
518 4209 706 4272 Scholiastes
727 4209 923 4288 Persii1,115
946 4209 1078 4272 “Urbem
1098 4218 1197 4274 autem
1210 4213 1278 4273 ideo
1292 4212 1368 4275 dixit

153 4289 262 4429 {escuit'
289 4289 480 4426 qttrgantribns
507 4305 608 4351 omnes
628 4289 752 4367 triginta
775 4289 904 4368 quinque
923 4289 1081 4366 laceravit,
1108 4306 1146 4350 ex
1172 4291 1278 4369 quibus
1298 4293 1370 4356 urbs

167 4383 219 4427 oa
238 4383 311 4426 cons
343 4372 364 4427 t.
539 4384 541 4388 ·
