3044 5032
743 320 771 368 11

552 486 710 554 vulturius

738 727 780 809 ΙΙ

186 957 222 1017 40
413 941 545 1006 fundam
569 948 664 1025 atquc
687 919 830 1007 auditum
852 943 1030 1010 iterabimu'
1055 942 1185 1008 famam.

666 1120 700 1178 ut
721 1113 791 1179 iure
815 1114 935 1198 peritus

259 1307 354 1373 quem
376 1286 408 1350 hi
432 1305 501 1350 cum
524 1284 692 1370 vidissent,
714 1285 898 1350 Hortensiu'
923 1287 1178 1371 Postumiusque,

260 1390 356 1455 ceteri
379 1390 464 1472 item,
488 1389 521 1452 in
545 1388 659 1471 capulo
682 1386 766 1453 hunc
788 1407 853 1454 non
877 1407 949 1454 esse
972 1389 1133 1473 aliumque
1156 1389 1292 1475 cubare,

261 1583 327 1627 non
350 1561 433 1627 dico.
457 1560 565 1625 vincat
586 1559 670 1643 licet,
694 1564 725 1624 et
746 1543 850 1643 uagus
872 1562 988 1644 exulct,
1012 1568 1096 1627 erret
1176 1534 1179 1539 Ι

188 1677 221 1737 45
258 1664 362 1731 exlex.

261 1856 337 1902 nam
360 1817 438 1920 quid
463 1834 602 1901 moetiuo
626 1834 833 1919 subiectoquc
856 1835 928 1900 huic
951 1838 1022 1921 opu’
1046 1837 1150 1922 signo,

155 2029 233 2095 sunt,
253 2029 285 2082 ut
306 2023 551 2100 supradiximus.
580 2023 689 2082 Plinius
712 2021 868 2083 Secundus
888 2023 998 2083 animal
1019 2041 1078 2082 non
1098 2025 1223 2084 animale
1245 2025 1290 2084 eit
1313 2027 1379 2088 dici

155 2119 290 2180 debere.'’

232 2217 277 2273 39.
321 2214 475 2274 Charisius
497 2231 526 2288 p.
541 2211 577 2271 75
598 2212 728 2270 “Vultur
753 2211 830 2270 dixit
849 2212 994 2289 Virgilius
1019 2213 1049 2271 in
1070 2234 1111 2285 vr,
1136 2214 1190 2272 sed
1216 2220 1246 2273 et
1271 2216 1376 2275 vultu·

154 2310 213 2368 rius
234 2310 368 2369 Lucilius
389 2309 417 2366 in
439 2308 475 2366 1.”

232 2406 278 2463 lo.
319 2404 471 2478 Interpres
493 2401 677 2460 Veronensis
698 2400 825 2475 Vergilii
845 2401 883 2459 ad
904 2401 1022 2476 Aenu,
1038 2406 1073 2462 81
1096 2401 1142 2461 “..
1164 2410 1194 2461 et
1215 2404 1375 2466 Pacuvius

154 2499 184 2555 in
210 2499 326 2556 Teucro
354 2497 481 2555 ‘Nihilne
504 2515 523 2554 a
549 2496 640 2554 Troia
665 2494 807 2571 adportat
826 2495 946 2556 fendoi’
973 2495 1108 2555 Lucilius
1137 2497 1167 2555 in
1188 2517 1209 2553 u
1235 2497 1376 2560 ‘fundam

156 2593 402 2652 ...iterabimus
427 2592 565 2668 l[amam’.
591 2595 685 2666 itaque
708 2589 762 2666 hic]
794 2590 926 2666 patiendi
957 2592 1098 2672 vimlnon
1122 2593 1233 2666 agendi
1263 2576 1375 2655 habet}

156 2704 247 2762 supra
276 2703 360 2760 vero,
389 2685 463 2762 'quis
485 2687 557 2744 talia
578 2685 669 2769 fando
689 2683 927 2760 Myrmidonum',
953 2686 1051 2745 activo
1072 2687 1160 2745 modo
1180 2690 1376 2750 enuntiavit.''

234 2781 281 2838 41.
322 2779 476 2840 Charisius
497 2798 526 2856 p.
545 2782 581 2837 62
603 2779 701 2837 “luris
723 2780 875 2839 consultus
896 2779 955 2839 dici
970 2781 1068 2856 debet,
1090 2801 1148 2841 uon
1169 2783 1230 2841 iure
1252 2787 1374 2845 consul·

155 2881 215 2946 tus3
241 2875 312 2933 licet
332 2875 437 2934 Cicero
458 2892 511 2951 pro
533 2876 657 2933 Murena
677 2875 720 2932 ita
740 2874 862 2948 dixerit,
886 2882 916 2934 ct
935 2875 1069 2934 Lucilius
1090 2876 1221 2936 secundo
1243 2876 1287 2937 ‘ut
1308 2879 1374 2939 inre

155 2969 302 3044 peritus'.''
906 2973 909 2977 ’

231 3065 278 3120 42.
319 3062 434 3121 Nonius
450 3081 479 3138 p.
490 3063 518 3134 4,
532 3064 564 3119 3]
591 3060 760 3139 “Capulum
781 3061 886 3123 dicitur
906 3063 1048 3140 quicquid
1068 3063 1197 3140 aliquam
1214 3083 1276 3124 rem
1290 3067 1375 3127 intra

157 3177 189 3217 se
211 3159 305 3233 capit:
338 3174 408 3214 num
429 3156 635 3230 sarcofagum,
659 3156 690 3214 id
711 3162 758 3215 cst
778 3158 980 3235 sepulchrum,
1006 3160 1142 3234 capulum
1170 3158 1228 3218 dici
1253 3166 1373 3221 veteres

156 3254 267 3328 volunt,
289 3253 368 3330 quod
391 3269 518 3329 corpora
539 3251 646 3328 capiat.
737 3253 869 3313 Lucilius
891 3261 1055 3313 saturarum
1077 3253 1165 3314 lib.11
1187 3254 1284 3332 ‘quem
1304 3275 1374 3316 unm

157 3367 222 3407 cum
310 3348 454 3408 cubore'.''
747 3367 750 3371 ’

232 3445 278 3502 44.
319 3443 437 3515 Nonius
457 3461 485 3519 p.
503 3446 548 3516 10,
570 3443 605 3500 15
626 3441 714 3501 “Ilex
735 3451 765 3503 et
785 3444 872 3503 exlex
894 3445 1010 3520 estqui
1032 3446 1093 3504 siue
1114 3446 1181 3520 lege
1203 3443 1285 3504 vivat
1304 3446 1373 3523 (im-

154 3539 251 3614 pressi
271 3541 344 3596 Illcu
364 3546 394 3597 et
412 3540 500 3613 vicit).
588 3536 723 3596 Lucilius
745 3547 834 3614 satyr.
855 3539 905 3598 lib.
922 3557 944 3594 11
966 3538 1034 3597 ‘non
1123 3540 1245 3597 exlex'.''

231 3632 277 3690 46.
317 3633 433 3691 Nonius
455 3651 484 3707 p.
499 3635 543 3704 10,
557 3635 594 3690 32
615 3631 789 3691 “Lurcones
812 3633 882 3692 dicti
904 3640 973 3692 sunt
994 3652 1012 3692 a
1032 3633 1205 3692 lurchundo.
1232 3634 1374 3698 lurchcre

156 3733 202 3785 est
221 3744 287 3784 cum
308 3726 449 3785 aviditate
471 3727 567 3784 cibum
590 3743 711 3789 sumere.
737 3727 872 3786 Lucilius
896 3735 1060 3788 suturarum
1082 3728 1148 3788 libr.
1163 3748 1184 3784 u
1205 3727 1282 3787 ‘uam
1298 3732 1374 3806 quid

223 3819 359 3878 cornaria
388 3839 502 3877 ruuruu
531 3839 635 3876 eruum
666 3821 840 3881 conficeret'.
891 3823 1075 3900 Pomponius
1103 3822 1184 3899 Syris
1215 3822 1374 3898 ‘lapatium

155 3915 264 3972 nullum
278 3914 686 3992 utebatur(uollosoccccbotor
697 3915 751 3973 viri
762 3915 864 3993 docti),
875 3919 990 3978 lardum
1001 3917 1293 3978 lurchabatlubcns'.
1314 3922 1372 3979 ...''

231 4096 277 4153 46.
317 4094 363 4152 Do
384 4093 501 4152 Mutino
524 4093 580 4151 deo
601 4095 710 4154 Festus
731 4114 762 4172 p.
779 4098 848 4173 154,
870 4101 887 4156 3
909 4097 1018 4173 ibique
1031 4096 1085 4155 viri
1106 4096 1196 4155 docti.
1237 4102 1373 4160 molinum

154 4189 209 4246 pro
230 4189 320 4248 verpo
341 4171 399 4229 dici
420 4187 457 4228 ex
478 4171 607 4246 Priupso
629 4169 666 4230 74
691 4181 830 4249 apparet3
865 4174 945 4253 quod
972 4192 1038 4233 cum
1065 4173 1247 4250 exemplaria
1267 4184 1373 4238 vetera

155 4249 198 4306 ita
218 4249 360 4324 scriptum
380 4247 525 4319 habeant,
549 4249 673 4308 Tutelcm
688 4257 813 4326 pomarii
833 4255 946 4330 diligens
966 4254 1073 4327 Priapo
1086 4256 1193 4329 facito,
1213 4253 1372 4316 Robricato

148 4328 260 4402 foribus
284 4330 389 4384 minore
411 4329 538 4398 (ramere)
559 4332 677 4398 mulino,
705 4329 775 4386 mihi
801 4331 831 4387 in
857 4330 934 4388 hunc
960 4328 1078 4387 modum
1109 4329 1226 4387 uidetur
1252 4332 1373 4392 restitui

154 4420 263 4480 posse,
293 4404 391 4462 Tutela
406 4407 523 4482 portori
549 4423 564 4463 o
585 4405 708 4482 Priape,
733 4412 836 4468 mulino
860 4410 964 4467 Minore
977 4410 1069 4482 facito
1083 4409 1196 4483 furibus
1215 4408 1371 4474 rubricato.
