3044 5032
347 491 462 557 eodem
483 510 547 556 unc
570 490 603 555 hi
626 489 721 555 modo
745 489 891 556 rationes
912 490 1092 557 subducent
1112 510 1199 556 suas.

250 681 332 747 hacc
354 685 403 744 est
424 679 517 764 ratic,
544 699 700 763 perversa
721 697 808 762 aera,
832 698 958 743 summa
974 685 1023 747 cst
1037 679 1196 745 subducta
1210 676 1355 760 inprobe.

251 869 376 935 deierat
397 870 482 936 enim
505 890 540 934 se
563 868 739 953 scribsisse,
763 875 890 953 etpost
912 889 978 935 non
1000 868 1206 934 scribturum.
1240 867 1310 933 redi

154 977 213 1038 ‘14⁰
252 974 286 1038 in
309 974 561 1038 consortionem:

252 1161 313 1225 hoc
329 1160 491 1226 invenisse
509 1181 607 1224 unum
623 1161 666 1226 ad
681 1162 827 1227 morbum
838 1162 929 1226 illum
940 1160 1061 1225 homini
1076 1161 1128 1227 vel
1139 1158 1358 1225 bellissimum.

690 1351 763 1434 quis
785 1355 820 1415 tu
841 1351 937 1416 homo
960 1350 1018 1417 es‘?
1045 1370 1138 1415 nemo
1162 1370 1233 1414 sum
1254 1351 1359 1415 homo.

257 1539 427 1624 “Apollost
448 1557 575 1622 nomen,
600 1537 709 1622 quite
732 1539 873 1623 antiquis
895 1559 961 1604 non
984 1540 1067 1606 sinet

258 1643 383 1708 deliciis
405 1642 568 1707 maculam·
587 1647 684 1725 atque
706 1643 917 1725 ignominiam
939 1645 1114 1728 imponere.

165 1840 214 1899 745
251 1830 379 1919 “[quam
401 1827 491 1915 mihi]
517 1836 669 1913 quantum
693 1837 742 1896 est
763 1831 846 1896 inter
867 1830 1041 1895 humanum
1063 1849 1177 1913 genus,

255 1952 425 2016 rerumque
447 1932 531 1996 inter
553 1952 589 1997 se
611 1933 762 2015 coniugat
784 1934 1012 1999 communitas!
1097 1973 1099 1976 -

227 2121 292 2183 737.
333 2123 448 2181 Nonius
468 2141 497 2199 p.
512 2124 578 2196 399,
595 2124 630 2180 13
651 2119 856 2197 “Subducerq
879 2130 1048 2199 supputare.
1070 2122 1268 2181 ..Lucilius
1289 2131 1363 2200 saty-

148 2228 247 2277 rarum
261 2218 317 2295 (sic
333 2217 539 2276 Basileeuses:
561 2234 619 2274 non
640 2215 752 2276 habent
765 2217 868 2276 Iunius
885 2224 915 2276 ct
928 2216 1094 2291 Mercerus)
1115 2216 1166 2275 lib.
1174 2234 1284 2273 xxvurr
1305 2214 1364 2274 ‘eo-

158 2311 222 2370 dem
233 2357 240 2371 .
253 2357 260 2371 .
273 2359 280 2372 .
294 2330 490 2369 nasamonas
511 2328 711 2369 susnucuarr
733 2313 866 2390 (rationes
879 2313 1028 2371 subduceret
1040 2310 1142 2370 Iunius
1158 2315 1188 2368 et
1201 2308 1363 2386 Mercerus)

155 2406 258 2466 81188717)

229 2496 295 2560 738.
336 2499 453 2559 Nonius
474 2498 588 2575 plue
609 2498 719 2575 “Aera
741 2500 855 2559 numeri
875 2506 954 2560 uota.
984 2499 1080 2558 Lucil.
1101 2498 1152 2558 lib.
1161 2511 1271 2556 xxvrm
1293 2497 1366 2556 ‘ucc

152 2593 232 2672 (baec
253 2595 321 2654 clim
341 2594 491 2671 impressi)
513 2600 560 2652 est
575 2640 581 2653 .
594 2637 601 2652 .
614 2639 621 2653 .
633 2611 704 2653 aera
727 2613 840 2653 summu
859 2614 899 2651 ur
922 2594 1070 2652 subducta
1088 2593 1250 2668 inprobe'.⁷'

232 2687 298 2747 739.
338 2689 369 2748 N
371 2689 454 2747 onius
469 2707 498 2764 p.
508 2691 571 2762 196,
586 2690 620 2746 12
640 2687 848 2748 “Consortium
862 2688 959 2746 neutri
973 2687 1099 2762 generis.
1124 2687 1365 2764 consortionepo)

154 2782 287 2841 feminini
310 2783 442 2842 Lucilius
468 2784 519 2842 lib.
534 2802 645 2840 xxvrm
670 2781 724 2855 (sic
750 2781 1000 2857 Guelferbytanus
1025 2781 1118 2839 altero
1134 2793 1156 2832 Χ
1175 2787 1367 2858 compuncto:

152 2878 245 2938 ceteri
260 2876 362 2952 XVIIII)
385 2876 509 2936 ‘deierat
529 2877 604 2934 euim
626 2894 793 2933 scarssrsss
809 2874 1118 2937 ...consortionem'.''

232 2970 301 3030 741.
342 2971 459 3030 Nonius
480 2990 509 3047 p.
519 2970 584 3045 527,
597 2968 632 3028 27
654 2969 734 3030 “Vel
748 2989 801 3047 pro
816 2971 904 3030 etiam
920 2976 974 3030 est.
996 2971 1187 3032 ...Lucilius
1202 2971 1367 3031 lib.xxvrm

155 3067 223 3127 ‘hoe
245 3084 425 3123 mvsxrssur
443 3112 448 3124 .
461 3111 468 3125 .
481 3113 486 3126 .
499 3066 726 3125 bellissimum'.”

233 3163 298 3221 742.
341 3160 495 3220 Charisius
512 3159 586 3237 plo
602 3161 718 3220 “Nemo
729 3162 886 3239 ...antiqui
898 3167 926 3219 et
938 3179 992 3237 pro
1004 3163 1084 3220 nullo
1099 3168 1273 3238 posuerunt,
1288 3161 1368 3219 ideo·

153 3275 212 3335 que
234 3273 319 3315 nemo
341 3255 490 3330 dicentes,
519 3255 603 3332 quasi
625 3256 719 3314 miuus
742 3255 957 3330 significarent,
984 3261 1015 3314 et
1034 3256 1122 3315 homo
1143 3257 1310 3328 addebaut;
1337 3261 1370 3313 ut

157 3351 317 3410 Terentius
334 3347 480 3426 ‘numquis
495 3348 543 3408 hic
558 3367 603 3408 me
620 3347 771 3427 sequitur?
793 3366 878 3407 nemo
899 3348 987 3408 homo
1007 3350 1071 3408 est'.
1102 3355 1132 3406 et
1147 3350 1280 3409 Lucilius
1295 3368 1370 3406 xxrx

155 3445 253 3523 [nemo
275 3443 333 3520 est]
354 3444 422 3502 ideo
443 3443 519 3501 dixit
539 3442 615 3519 ‘quis
632 3462 754 3502 ...sum
774 3441 896 3500 bcmc’.”

234 3536 299 3598 743.
340 3537 456 3597 Nonius
478 3556 507 3614 p.
523 3538 570 3611 24,
587 3539 621 3595 12
643 3536 834 3612 “Ignominia
855 3543 901 3594 est
922 3536 1045 3595 nominis
1071 3543 1150 3595 uota.
1172 3536 1368 3596 ...Lucilius

155 3634 236 3693 libro
256 3649 365 3691 xxvrru
386 3631 517 3709 ‘Apolcst
537 3649 642 3689 nomen
658 3677 664 3690 .
677 3676 684 3691 .
696 3677 702 3690 .
714 3631 808 3688 delicis
823 3677 830 3690 .
843 3677 849 3690 .
861 3672 868 3688 .
880 3629 1065 3705 imponere'.''

198 3786 200 3791 .
234 3724 300 3787 745.
341 3727 457 3786 Nonius
478 3745 507 3802 p.
522 3727 568 3798 36,
586 3727 621 3783 10
643 3714 846 3801 “Cociooqac,
873 3725 1027 3800 copulare,
1056 3724 1165 3782 dictum
1187 3731 1233 3783 est
1258 3743 1277 3782 a
1299 3725 1369 3798 iugo

157 3823 241 3900 (hinc
256 3828 384 3900 apparet
399 3820 586 3882 scribendum
602 3835 668 3876 esse
687 3820 860 3898 Contegere).
888 3818 1023 3878 Lucilius
1038 3819 1174 3878 lib.xx1x
1194 3818 1291 3879 ‘uuam
1303 3834 1371 3874 urm

157 3963 183 3979 ..
197 3963 203 3978 .
217 3934 398 3976 correxeris
420 3912 654 3974 commomcar’ss'

236 4089 301 4150 738.
342 4109 448 4148 musmo
469 4097 508 4147 cst
529 4088 737 4147 (lasaubonus.

238 4167 304 4228 743,
345 4167 460 4227 Versus
490 4165 605 4240 tragici.
641 4164 790 4223 sententia
819 4163 848 4221 in
878 4163 956 4222 hunc
982 4165 1098 4222 modum
1128 4163 1241 4240 expleri
1271 4161 1369 4236 debet,

157 4266 289 4326 mapsam
307 4250 338 4303 777
357 4247 397 4303 bis
416 4245 570 4320 ropionibus
589 4241 721 4317 Apolloct
739 4260 845 4299 coccea.

238 4321 303 4383 745.
345 4322 488 4380 Fortasse
508 4321 654 4378 Commune
674 4329 806 4394 quactum
828 4329 874 4378 est.

239 4397 305 4459 746.
345 4399 496 4458 Mercerus
519 4399 680 4473 Feruntque.

215 4529 239 4566 0·
255 4527 365 4565 LUClLll
385 4527 574 4564 SATURARUM·
