3044 5032
219 331 252 370 Jv
724 289 904 357 ‘Plidffll'ltl

202 479 295 563 'frui,
331 478 447 543 multos
479 497 581 543 annos
608 476 768 561 Hauptius
795 495 859 539 non
887 474 1066 566 respondit,
1100 495 1139 540 ao
1164 470 1321 559 paulatim
1349 477 1430 543 haee

218 654 293 721 spes
312 633 416 699 omnis
431 631 608 715 aliquando
624 632 783 696 reelusum
799 629 837 694 iri
853 629 937 722 lrune
953 627 1138 694 thesaurum
1152 635 1187 693 ut
1202 648 1288 695 vana
1304 628 1432 696 abiecta

218 793 275 854 est.
331 787 449 852 Verum
485 785 625 870 Hauptio
658 785 729 870 ipso
764 802 873 847 mense
907 780 1081 847 Februario
1116 781 1193 845 anni
1226 802 1431 844 nocccnxxrv

219 939 338 1005 aoerba
360 945 461 1004 morte
483 939 652 1022 absumpto
676 955 748 1000 cum
769 935 863 1000 amisi
886 935 955 999 eius
983 932 1150 997 eonsilium
1173 935 1290 1000 inirent
1312 934 1431 1001 edendi

218 1093 246 1158 si
281 1110 347 1175 qua
380 1090 508 1155 edenda
542 1091 739 1174 reliquisset,
774 1093 955 1175 protractae
989 1093 1063 1152 sunt
1096 1106 1167 1151 oum
1201 1087 1274 1152 aliis
1300 1088 1431 1155 chartae

222 1244 409 1310 Lucilianae
458 1247 710 1329 suscitatumque
754 1251 802 1308 est
846 1203 926 1306 illud
976 1239 1040 1304 iam
1077 1224 1290 1325 consopitum
1315 1240 1431 1306 Lueilii

221 1399 476 1465 Laohmanniani
519 1398 725 1464 desiderium.
784 1399 899 1480 ltaque
936 1414 1006 1459 rum
1044 1413 1106 1477 ego
1143 1399 1314 1459 auctumno
1353 1394 1430 1460 anni

216 1573 419 1616 uooocrxxrv
437 1553 619 1619 Berolinum
636 1552 807 1634 venissem,
828 1550 1025 1635 provinoiam
1042 1547 1175 1632 Hauptii
1192 1546 1280 1613 obitu
1295 1567 1430 1614 vacuam

217 1707 337 1771 faotam
365 1705 524 1789 aditurus,
552 1705 743 1770 Theodorus
765 1704 999 1786 Mommsenus,
1023 1660 1154 1787 Hauptii
1178 1707 1209 1767 et
1231 1701 1430 1767 Lachmanni

217 1860 293 1926 dum
321 1862 354 1925 in
382 1857 465 1925 viris
493 1862 585 1922 erant
611 1856 781 1922 familiaris
810 1858 960 1940 idemque
988 1856 1066 1921 milri
1088 1856 1202 1922 favens
1229 1860 1260 1919 et
1287 1855 1428 1939 cupiens,

216 2033 341 2078 meoum
364 2011 405 2076 de
428 2009 545 2101 edendi
566 2009 669 2075 libelli
692 2030 768 2075 oura
791 2010 998 2096 suscipienda
1020 2009 1103 2092 egit:
1138 2014 1171 2072 et
1194 2027 1255 2091 ego
1276 2009 1428 2094 inspeetis

217 2185 301 2249 quae
324 2171 440 2250 parata
460 2171 552 2230 erant
571 2185 643 2229 oum
658 2170 689 2229 et
703 2182 800 2249 posse
815 2164 895 2230 haee
910 2162 962 2229 edi
979 2169 1011 2227 et
1025 2161 1146 2246 editum
1169 2162 1208 2226 iri
1220 2126 1294 2227 'oum
1310 2169 1430 2245 magno
1511 2224 1512 2227 ,

216 2319 393 2384 litterarum
430 2319 644 2382 emolumento
677 2318 753 2383 milri
786 2317 1034 2400 persuasissem,
1070 2316 1179 2400 aooepi
1211 2315 1429 2382 condicionem

216 2476 404 2553 tantumque
433 2469 552 2536 exinde
581 2470 655 2536 huie
684 2469 789 2535 officio
823 2489 941 2552 operae
966 2468 1107 2552 impendi
1141 2476 1295 2552 quantum
1323 2433 1429 2537 multis

217 2619 355 2689 distento
380 2622 518 2706 negotiis
541 2623 573 2689 in
595 2623 657 2689 hae
678 2624 819 2690 novitate
843 2643 950 2687 rerum
972 2623 1071 2689 licuit.

301 2780 420 2842 Parata
443 2749 549 2844 autem
572 2778 694 2845 offendi
710 2778 799 2862 haee,
823 2754 960 2862 primum
975 2778 1170 2844 Laelrmanni
1187 2777 1332 2862 soledas,
1356 2780 1428 2844 niti-

216 2930 350 2997 dissime
367 2931 513 3015 soriptas,
530 2932 563 2995 in
579 2951 702 2996 summo
717 2930 863 3014 margine
875 2936 1056 2997 saturarum
1067 2932 1141 2998 libri
1153 2940 1263 2998 notam
1274 2936 1427 3021 soriptam

215 3087 360 3147 tenentes
395 3084 444 3148 oui
479 3085 630 3168 quodque
658 3084 873 3166 fragmentum
904 3083 1034 3149 attribui
1063 3085 1187 3151 iuberet
1212 3088 1427 3154 testimonium

215 3241 270 3301 aut
290 3237 374 3301 ratio
391 3200 550 3323 suaderet,
574 3239 696 3305 indioia
713 3256 840 3322 quoque
856 3257 1096 3320 nonnumquam
1110 3237 1294 3323 propiorem
1310 3261 1427 3326 cogna-

214 3388 334 3453 tionem
363 3390 391 3455 si
419 3411 484 3474 qua
513 3399 582 3458 erat
611 3393 693 3457 inter
722 3410 834 3457 versus
868 3390 950 3456 duos
980 3395 1039 3455 aut·
1062 3389 1172 3474 plures
1200 3392 1425 3483 significantia,

214 3540 288 3608 dein
311 3561 425 3609 versus
436 3519 540 3630 ipsos,
565 3545 752 3613 emendatos
768 3551 823 3611 aut
838 3564 921 3628 quae
937 3534 1101 3610 emendari
1121 3566 1219 3632 posse
1239 3549 1427 3634 desperarat

212 3696 378 3781 unoinata,
407 3696 546 3781 denique
573 3700 700 3765 testium
726 3700 827 3766 rerba
849 3703 880 3763 et
902 3696 1144 3764 adnotationem
1167 3701 1314 3785 editoris,
1346 3704 1426 3772 haee

212 3847 258 3916 ita
295 3848 377 3914 inter
410 3870 446 3916 se
479 3850 620 3919 disereta
655 3852 702 3918 uti
734 3874 818 3918 nuno
854 3853 994 3919 discreta
1026 3853 1186 3936 leguntur.
1240 3854 1427 3925 Aooedebat

205 4001 387 4096 earundem
418 4005 607 4071 sohedarum
634 4006 848 4093 apographon
871 4006 1005 4093 Hauptii
1031 4026 1129 4072 manu
1157 4014 1189 4074 et
1216 4011 1327 4076 subtili
1355 4012 1425 4077 dili-

211 4154 320 4236 gentia
346 4155 481 4242 fautum,
505 4159 591 4243 quod
613 4160 641 4225 is
664 4161 771 4245 operis
794 4160 969 4228 traditurus
991 4167 1077 4228 erat:
1111 4164 1240 4230 notulas
1263 4164 1428 4246 adiecerat

212 4307 328 4390 quibus
350 4309 550 4394 typothetam
572 4330 686 4395 regere
708 4314 866 4402 solemus,
891 4316 1086 4403 praefixerat
1108 4317 1264 4405 indidem,
1288 4319 1427 4386 eundem
