3044 5032
725 318 806 366 VIIII

411 484 519 568 servit,
543 484 650 569 currit,
674 483 762 566 legit.

179 707 226 766 333
265 699 363 766 fervit
385 717 471 782 aqua
492 703 524 763 et
546 696 658 781 fervet,
682 696 779 764 fervit
801 717 894 781 nunc,
919 697 1024 763 fervet
1047 696 1090 762 ad
1113 718 1241 763 annum.

176 917 238 977 333·
265 930 413 976 arnon
441 911 575 976 multum
597 910 690 976 abest
711 911 772 976 hoc
794 910 1048 998 cacosyntheton
1069 917 1168 996 atque
1190 911 1307 978 canina

263 1013 292 1079 si
315 1013 375 1080 tibi
398 1012 513 1098 lingua
536 1012 620 1098 dico,
643 1012 724 1078 nihil
746 1013 790 1084 ad
813 1033 875 1079 me.
950 1103 951 1107 Ἰ

176 1234 242 1295 3331)
268 1247 285 1293 3
307 1231 451 1292 nostrum
475 1230 506 1291 33
527 1226 728 1309 semigracce
752 1226 840 1312 quod
862 1227 989 1294 dicimn’
1013 1227 1121 1310 sigma

260 1328 308 1394 nil
331 1328 449 1394 erroris
471 1327 579 1394 habet.

172 1549 237 1610 3333
732 1547 829 1625 atque
851 1560 1018 1609 accurrere
1041 1543 1166 1610 scribas

261 1643 325 1710 dne
347 1664 423 1711 anc
447 1665 512 1711 non
535 1645 693 1727 estquod
717 1663 854 1729 quaeras
877 1649 973 1728 atque
994 1645 1133 1712 labores.

498 1853 644 1920 abbitere
667 1853 801 1921 multum
824 1863 873 1922 est
895 1857 916 1921 d
938 1856 999 1922 sict
1021 1876 1063 1922 an
1086 1857 1114 1923 b.

156 2189 366 2250 13333ᾱί33333
385 2196 418 2248 ut
436 2190 504 2264 lego
526 2196 555 2248 33
576 2207 674 2262 33333,
696 2190 777 2265 quod
797 2191 882 2249 nobis
904 2191 1066 2250 inauditum
1087 2196 1141 2250 est.
1174 2190 1227 2249 sed
1248 2200 1368 2252 nonest

156 2283 238 2356 haec
250 2302 321 2344 3333
341 2284 543 2360 comparati03
565 2302 632 2342 uam
647 2284 735 2342 133313
751 2283 856 2343 3331111
871 2285 964 2343 simile
980 2286 1096 2345 333313.”
1194 2285 1365 2344 Priscianus

156 2396 183 2455 p.
197 2380 256 2439 866
277 2378 411 2436 “Ferveo
439 2395 556 2454 quoque
584 2378 671 2437 ctiam
692 2379 775 2437 13333
799 2381 946 2439 invenitur
1012 2378 1146 2438 Lucilius
1168 2379 1265 2439 ‘fervit
1283 2380 1365 2456 (pars

154 2472 296 2532 librorum
305 2471 408 2549 servet)
424 2490 501 2531 nuuc
521 2473 618 2531 133333
637 2473 700 2549 (3111
714 2473 814 2549 feroit)
835 2470 874 2531 ad
889 2473 1029 2533 annum’.”
1108 2472 1225 2532 Probus
1246 2492 1276 2550 p.
1292 2474 1366 2534 1413

155 2563 239 2626 “Sed
259 2565 290 2623 in
310 2565 366 2625 hoc
388 2567 479 2624 33333
500 2573 580 2625 33333
600 2567 774 2642 corripitur,
795 2566 934 2643 qnoniam
955 2567 1069 2643 antiqui
1089 2568 1205 2626 tertiam
1226 2568 1366 2641 coniuga-

154 2659 264 2720 tiouem
286 2660 380 2735 magis
403 2677 492 2736 quam
514 2661 674 2720 secundam
695 2678 761 2720 3333
782 2660 946 2735 voluerunt,
967 2668 1000 2719 33
1019 2660 1152 2719 Lucilius
1174 2661 1271 2720 ‘fervit
1290 2677 1366 2719 nunc

154 2754 251 2812 133333
270 2752 310 2811 ad
330 2755 473 2814 eunum’.”
745 2819 753 2831 .

231 2845 333 2907 330⁸b.
354 2847 458 2906 Velius
481 2848 607 2921 Longus
628 2865 657 2923 p.
673 2848 751 2906 2214
772 2845 871 2905 “Nam
892 2847 971 2923 apud
987 2846 1135 2905 Lucilium
1154 2846 1183 2903 iu
1204 2865 1238 2903 rx
1256 2848 1287 2905 in
1308 2866 1366 2923 qno

155 2940 192 3000 de
217 2940 310 3000 literis
338 2941 471 3018 disputat
497 2957 598 2999 omnes
624 2941 717 2999 vicem
744 2939 921 3016 syllabarum
948 2940 1087 3016 implent,
1112 2957 1176 2998 cum
1197 2940 1269 3001 dicit
1289 2941 1318 2999 ‘a
1336 2961 1367 3000 re

153 3054 214 3095 non
234 3037 355 3094 multum
376 3037 462 3096 33333
481 3035 539 3093 1333
561 3034 793 3112 cacosyntheton
815 3040 903 3111 atque
926 3035 1034 3094 canina
1055 3033 1079 3092 si
1100 3033 1153 3093 tibi
1172 3033 1274 3110 lingua
1288 3034 1366 3111 dico,

154 3128 227 3188 nihil
247 3129 286 3188 ad
306 3130 370 3205 333,
391 3146 497 3188 nomen
517 3128 574 3189 hoc
594 3130 636 3188 illi
657 3135 712 3189 est.
743 3129 813 3189 item
835 3129 859 3188 ‘s
881 3135 1012 3189 nostrum
1034 3135 1064 3189 33
1083 3128 1265 3205 semigraece
1286 3129 1367 3207 quod

156 3223 283 3284 dicimus
304 3225 398 3300 sigma
416 3225 485 3281 31131
504 3225 611 3284 3333313
633 3224 742 3283 habet!
771 3230 898 3300 apparet
916 3241 989 3299 ergo
1006 3219 1083 3283 haec
1097 3223 1170 3283 nihil
1186 3223 1266 3284 aliud
1280 3241 1367 3300 quam

153 3319 251 3379 locum
271 3319 404 3396 syllabae
425 3321 527 3378 333333
548 3336 603 3378 nec
624 3325 724 3391 tamen
746 3318 893 3396 syllabam
913 3317 1028 3376 scilicet
1047 3316 1142 3376 essc.''

232 3415 310 3473 330⁰.
350 3411 455 3471 Velius
478 3413 603 3487 Longus
624 3431 653 3489 p.
667 3413 744 3472 2225
765 3409 837 3471 “Sic
857 3411 887 3468 in
907 3409 952 3468 his
974 3410 1109 3486 partibus
1130 3410 1272 3469 orationis
1288 3428 1366 3488 quae

153 3507 300 3583 incipiunt
319 3524 337 3564 3
355 3505 442 3565 113333
458 3523 475 3565 3
491 3524 549 3564 333
570 3507 658 3566 133113
679 3511 781 3583 potest
800 3503 857 3562 hac
878 3503 1098 3580 praepositione
1120 3502 1240 3564 admota
1260 3520 1367 3564 sonare

154 3601 282 3661 dlitera.
313 3600 387 3660 baec
409 3599 544 3658 similiter
558 3599 643 3658 litera
663 3601 831 3676 geminatur
850 3597 880 3655 in
902 3614 937 3655 33
959 3597 1039 3674 quod
1060 3606 1107 3658 est
1127 3599 1215 3676 capio
1236 3600 1365 3676 accipio:

152 3697 255 3773 itaque
277 3696 411 3756 Lucilius
432 3695 533 3770 ‘atque
555 3737 561 3751 .
575 3737 581 3750 .
595 3736 601 3751 .
615 3738 621 3751 .
635 3692 791 3753 labores'.''

232 3788 323 3850 aaol.
364 3789 450 3847 Idem
475 3786 586 3845 ibidem
612 3787 747 3847 “Abbire
776 3785 909 3864 (33331333
929 3784 963 3846 G.
984 3785 1021 3846 L.
1043 3785 1257 3862 Schneidcrns)
1278 3787 1366 3846 etiam

157 3884 278 3961 quidam
299 3883 480 3960 gemmatab
496 3881 662 3940 maluerunt
682 3888 713 3939 33
732 3881 830 3940 dicere
852 3887 882 3940 33
903 3881 1032 3940 33313333
1053 3890 1086 3941 33
1104 3881 1273 3941 intermissa
1286 3879 1315 3951 d,
1336 3882 1368 3937 et

154 3981 184 4039 in
202 3980 259 4038 hoc
273 3979 385 4038 nullam
395 3976 524 4054 (3333333
538 3974 752 4053 Schneiderus)
768 3974 963 4034 differentiam
984 3979 1071 4048 putat
1090 3991 1156 4033 3333
1170 3972 1303 4030 Lucilius
1317 3971 1367 4046 qui

155 4075 197 4134 313
217 4073 322 4133 ’333133
341 4073 462 4132 multum
484 4076 530 4130 333
549 4069 569 4129 (1
587 4073 611 4128 st
630 4079 656 4128 ct
668 4085 707 4129 an
721 4070 741 4128 b
755 4070 835 4128 habet
854 4070 946 4145 (babet
963 4066 1093 4126 deletum
1112 4083 1131 4125 a
1150 4062 1367 4140 Schmidtlo)'.'’

235 4293 317 4357 330‘1.
359 4296 480 4354 33313333
499 4292 533 4354 C.
546 4293 583 4354 L.
600 4291 801 4354 Schneiderns
820 4294 851 4352 in
871 4307 993 4369 gramm.
1015 4289 1084 4350 Lat.
1099 4307 1119 4366 r,
1134 4287 1199 4347 632.
1319 4290 1370 4348 stet

155 4373 273 4437 Luoov.
295 4373 386 4437 Ford.
409 4370 588 4434 Schmidtius
608 4389 637 4452 p.
655 4371 699 4435 12.
