3044 5032
151 295 213 361 120
625 301 764 350 r-xxv.
790 300 869 349 xxx

257 488 394 552 nequam
419 474 450 534 et
471 486 609 552 magnus
631 467 737 553 homo,
760 467 918 534 laniorum
940 469 1081 534 immani’
1106 487 1204 536 canes
1227 475 1273 536 ut.

259 683 416 768 occidunt,
440 684 526 768 lupe,
549 684 709 768 saperdae
732 690 764 749 te
786 690 818 749 et
839 685 910 749 iura
932 685 1032 751 siluri.
1065 724 1068 731 ·

166 903 231 962 lust
254 903 350 981 atquc
372 897 499 981 aliquos
522 897 633 962 illiab
656 899 751 965 rebus
774 898 917 984 clepscrc
940 898 1086 983 foroque.

395 1111 532 1179 Occilius
555 1117 662 1196 pretor
684 1132 725 1178 ne
748 1112 876 1177 rusticu'
900 1111 965 1178 fiat.

526 1331 678 1413 quantum
701 1326 858 1392 hinnitum
881 1331 978 1411 atque
1000 1327 1175 1410 equitatum

231 1639 314 1697 1083.
354 1637 452 1696 Varro
466 1636 502 1695 de
518 1636 621 1710 lingua
636 1635 747 1695 Latina
761 1634 837 1693 libro
851 1654 893 1691 vu
910 1652 939 1709 p.
947 1635 994 1708 71,
1004 1636 1042 1693 25
1064 1633 1175 1694 “Dicta
1189 1636 1267 1694 enim
1284 1637 1365 1713 apud

152 1738 268 1790 veteres
289 1749 348 1790 una
369 1749 468 1790 canes.
498 1731 598 1806 itaque
618 1729 732 1788 Ennius
754 1727 858 1788 scribit
872 1774 879 1788 .
891 1774 897 1788 .
910 1773 932 1803 .,
946 1728 1082 1788 Lucilius
1103 1727 1242 1806 ‘nequam
1257 1776 1264 1788 .
1277 1775 1284 1790 .
1297 1777 1303 1789 .
1314 1749 1363 1787 ru-

152 1843 253 1882 umms
274 1842 364 1883 canes
386 1824 452 1883 ut'.''

230 1918 313 1977 1084.
354 1916 454 1976 Varro
469 1917 505 1976 de
520 1917 623 1992 lingua
638 1917 751 1978 Latina
762 1917 840 1977 libro
853 1935 895 1973 vu
910 1934 939 1992 p.
949 1914 995 1990 tl,
1006 1919 1032 1976 8.
1047 1918 1065 1975 9
1086 1913 1198 1992 “Apud
1215 1918 1365 1978 Lucilium

153 2014 243 2086 ‚..et
263 2010 413 2071 ‘occidunt
433 2012 509 2087 tapes
529 2030 597 2088 aper
617 2014 651 2070 da
669 2018 699 2070 tc
714 2057 721 2070 .
735 2057 741 2071 .
754 2057 761 2072 .
774 2010 863 2071 siluri'
880 2010 1063 2088 ...piscium
1084 2010 1296 2087 nominasent,
1316 2030 1365 2072 eo·

153 2124 274 2183 rumque
296 2105 324 2163 in
347 2104 476 2164 Graecia
496 2105 607 2180 origo.”

230 2201 312 2260 1085.
353 2198 452 2259 Varro
468 2198 504 2258 de
518 2200 621 2274 lingua
636 2199 748 2258 Latina
766 2198 844 2257 libro
859 2217 900 2256 vn
922 2199 1006 2274 p.80,
1016 2200 1052 2258 18
1073 2197 1187 2274 “Apud
1201 2199 1366 2261 Lucretiam

152 2295 251 2371 ‘atque
272 2293 387 2369 aliquos
409 2312 450 2350 rm
467 2295 589 2353 ...foro
611 2293 674 2370 qat’.
709 2293 844 2368 clepsere
869 2291 944 2351 dixit
964 2291 1042 2350 unde
1064 2293 1153 2351 ctiam
1175 2292 1226 2351 alii
1246 2294 1366 2371 clepere

152 2388 321 2467 (legendum
335 2389 387 2445 alit
400 2387 512 2462 clepere,
533 2408 552 2444 a
566 2386 693 2463 clepere),
708 2385 801 2444 idest
816 2386 973 2461 corripere.
1004 2403 1129 2462 quorum
1144 2386 1229 2460 origo
1246 2388 1366 2462 eclam,

155 2491 187 2541 ut
203 2483 241 2540 sit
259 2481 369 2539 dictum
390 2480 521 2555 clepere,
543 2481 623 2540 unde
644 2481 773 2556 clepere,
795 2497 814 2534 n
831 2495 869 2536 cx
883 2497 901 2534 ι
917 2479 1121 2556 (Florentium
1137 2490 1163 2538 et
1174 2498 1207 2538 ac
1219 2480 1264 2558 ec)
1287 2499 1365 2541 com·

150 2580 272 2649 mutato,
294 2580 326 2632 ut
345 2574 445 2633 multa.
476 2581 578 2650 potest
597 2575 644 2634 vel
666 2591 684 2632 a
704 2570 824 2631 Graeco
847 2572 957 2631 dictum
978 2574 1088 2650 cleptin
1110 2574 1256 2650 clepere.''
1345 2646 1346 2649 Ἴ

230 2671 313 2727 1086,
353 2667 452 2727 Varro
478 2667 514 2727 de
539 2670 643 2745 lingua
670 2666 783 2727 Latina
804 2667 882 2726 libro
900 2686 943 2725 vu
963 2685 992 2743 p.
1008 2671 1054 2741 80,
1072 2670 1111 2726 32
1138 2665 1202 2727 “In
1228 2670 1365 2746 pluribus

150 2761 249 2821 verbis
265 2779 284 2817 a
298 2767 399 2820 antau
414 2762 464 2820 alii
484 2770 607 2840 ponunt,
629 2763 680 2823 alii
701 2777 774 2834 non;
795 2767 828 2820 ut
848 2761 929 2838 quod
950 2760 1057 2838 partim
1078 2759 1182 2821 dicunt
1203 2771 1366 2841 sceptrum,

151 2871 243 2949 (adde
255 2882 411 2947 scoepbam
421 2874 492 2951 otta)
507 2874 557 2932 alii
569 2855 672 2934 Plauti
684 2848 888 2934 lineratricem
902 2873 953 2932 alii
964 2849 1169 2932 flueratrtcem
1180 2872 1365 2951 (immoseae

150 2982 302 3058 ratricem),
315 2984 358 3042 sio
369 2962 505 3044 lenisicia
516 3003 551 3046 ac
563 2984 717 3045 foenisicia
730 2987 891 3059 (falciolo),
907 3000 943 3043 ac
954 2980 1057 3043 rustici
1070 2984 1211 3060 Pappum
1224 2987 1366 3046 maesium

151 3094 210 3135 non
225 3077 365 3135 moesiam
381 3077 465 3154 (puto
479 3079 613 3154 Pappum
626 3087 745 3148 mertam,
758 3097 814 3135 noa
827 3076 978 3152 maestam).
1002 3095 1021 3138 a
1036 3096 1094 3155 quo
1110 3079 1245 3138 Lucilius
1262 3081 1367 3142 scribit

151 3170 268 3228 ‘cecilius
291 3186 327 3227 ne
351 3171 480 3230 rusticus
505 3171 592 3231 fiat’.'’
672 3171 851 3236 ›bromedes
872 3191 901 3248 p.
916 3172 974 3232 447
998 3171 1222 3233 “Detractionis
1247 3176 1365 3251 species

152 3268 221 3322 sunt
236 3280 329 3340 aeque
344 3269 493 3340 quattuor,
513 3265 698 3325 detractione
718 3265 869 3341 temporis,
890 3266 1017 3343 litterae,
1037 3267 1182 3343 syllabae,
1206 3268 1364 3345 aspiratio-

152 3357 206 3415 nis.
306 3358 432 3433 litterae,
453 3366 485 3419 ut
503 3359 595 3436 siquis
617 3359 753 3420 detracta
773 3378 791 3418 a
810 3360 909 3419 littera
927 3366 1029 3436 pretor
1050 3361 1141 3436 dicat,
1162 3365 1196 3421 ut
1217 3364 1364 3423 Lucillius

150 3451 254 3527 ‘pretor
274 3468 310 3509 ne
330 3452 458 3511 rusticus
480 3452 549 3526 fiat,
569 3472 635 3513 cum
657 3454 766 3514 debeat
786 3472 821 3515 ac
842 3455 1027 3530 pronuntiari
1046 3462 1176 3531 praetor,
1198 3455 1253 3515 sed
1269 3463 1362 3518 struc-

149 3552 232 3603 turae
254 3546 351 3620 gratia
372 3547 489 3621 syllaba
507 3546 599 3621 longa
619 3548 802 3624 corripitur.”
882 3547 959 3626 (uxi)

228 3636 312 3697 1081.
354 3639 452 3699 Varro
473 3639 511 3698 dc
531 3640 636 3716 lingua
658 3642 769 3703 Latina
789 3642 867 3704 libro
882 3663 925 3700 vn
945 3643 1079 3718 p.81,32
1101 3641 1220 3703 “Multa
1241 3646 1279 3704 ab
1301 3646 1362 3705 ani-

149 3730 267 3789 malium
288 3732 411 3793 vocibus
431 3735 541 3794 tralata
560 3735 590 3793 in
610 3736 761 3812 homines;
787 3737 896 3814 partim
921 3754 997 3815 quac
1018 3743 1087 3797 sunt
1107 3746 1227 3814 aperta,
1253 3741 1361 3817 partim

150 3825 287 3885 obscura.
318 3827 481 3903 perspicua
501 3835 533 3887 nt
547 3875 554 3888 .
567 3877 573 3888 .
586 3874 592 3888 .
604 3830 736 3890 eiusdem
757 3830 908 3908 ‘quantum
922 3877 929 3891 .
942 3876 949 3889 .
962 3876 969 3889 .
981 3830 1180 3907 equitatum'.”

149 3994 350 4004 --——--—

226 4115 310 4173 1083.
352 4111 429 4172 Olim
452 4118 628 4173 correctum.

229 4192 311 4250 1084.
353 4189 511 4249 Turnebus
532 4191 669 4251 restituit.

228 4269 311 4327 1085.
343 4271 467 4344 foroque
491 4266 640 4343 Scaliger..

228 4347 311 4404 1086.
349 4345 395 4404 De
417 4345 603 4422 correptione
623 4344 784 4406 Diomedes
804 4346 925 4407 fallitur.
