3044 5032
722 325 802 376 XXX

267 491 369 576 idque
390 491 454 557 tuis
476 492 584 557 saevis
607 492 711 579 factis·
724 497 755 558 et
776 492 913 559 tristibu’
934 494 1029 560 dictis

268 698 332 747 neu
355 680 462 762 quite
483 680 599 763 ignaro
622 679 764 747 famulus
785 680 963 749 subducere

173 877 226 937 965
572 888 657 936 6666
680 888 741 952 ego
764 875 797 935 te
818 889 955 937 vacuam
977 878 1074 956 atque
1096 873 1275 940 animosam

270 971 461 1038 Thessalam
483 976 518 1037 ut
539 970 730 1037 indomitam
753 971 853 1040 frenis
874 974 1024 1058 subigam
1043 980 1120 1041 ante
1141 975 1356 1060 domemque?

266 1160 352 1226 ‘tune
372 1160 450 1243 iugo
472 1160 590 1242 iungas
612 1165 761 1227 meante
784 1166 816 1229 et
838 1161 1010 1230 succedere
1032 1168 1141 1229 aratro
1241 1250 1243 1255 Ι

267 1262 402 1328 inritum
424 1267 457 1328 et
478 1261 591 1345 glebas
614 1263 748 1346 subigas
770 1264 979 1349 proscindcre
1000 1264 1110 1332 ferro?

266 1450 325 1517 scd
348 1448 425 1534 quid
449 1471 511 1534 ego
533 1448 614 1517 haec
636 1451 743 1518 animo
766 1452 939 1539 trepidanti
961 1453 1048 1520 dicta
1068 1452 1255 1540 profundo?

176 1643 226 1702 976
270 1645 301 1706 66
322 1639 453 1705 mutoni’
476 1658 606 1705 manum
627 1641 827 1726 perscribere
848 1661 944 1727 posse
966 1648 1114 1727 tagaoem
1212 1689 1216 1696 -

266 1848 348 1912 quac
370 1849 435 1893 non
457 1829 625 1915 spectandi
648 1828 765 1916 studio,
789 1830 847 1897 sed
870 1831 912 1897 ab
935 1831 1042 1897 omini’
1064 1831 1159 1905 taetri

264 1930 404 2014 impulsu
425 1930 603 2018 ingressus,

234 2136 300 2195 963.
340 2135 457 2196 Nonius
478 2156 508 2214 p.
516 2139 626 2214 388,23
649 2138 807 2214 “Sacrum,
822 2138 935 2198 durum.
1018 2139 1153 2199 Lucilius
1173 2139 1296 2199 lib.xxx
1317 2138 1369 2196 ‘id-

160 2247 217 2307 que
237 2229 295 2288 tuis
309 2232 400 2306 faetta
420 2235 509 2291 soccia
527 2277 535 2293 .
550 2278 557 2293 .
573 2278 580 2292 .
596 2233 718 2293 dictis’.''
817 2232 902 2292 Idem
923 2251 952 2309 p.
966 2234 1064 2307 409,9
1086 2231 1214 2306 “Triste
1241 2232 1371 2303 crudele,

156 2325 275 2384 immite.
297 2324 493 2386 ...Lucilius
514 2326 565 2386 lib.
578 2347 643 2386 mor
661 2328 764 2406 ‘itaqua
783 2326 841 2386 tuis
864 2326 941 2385 sevis
962 2326 1050 2385 factis
1066 2325 1247 2386 ...dictis'.”

233 2419 298 2478 964.
337 2418 369 2477 N
370 2417 454 2477 onius
469 2437 498 2495 p.
507 2420 574 2495 399,
586 2422 623 2479 23
644 2419 839 2481 “Subducere
860 2427 907 2481 est
927 2420 1084 2497 surripere.
1106 2464 1132 2480 ..
1147 2465 1154 2479 .
1170 2421 1305 2480 Lucilius
1318 2421 1369 2480 lib.

156 2530 222 2569 xxx
242 2511 310 2570 ‘neu
324 2555 331 2570 .
343 2557 350 2570 .
363 2557 370 2572 .
381 2529 499 2571 rauono
521 2532 655 2573 numurus
676 2515 876 2576 subducere'.”

233 2608 299 2666 965.
339 2606 455 2667 Nonius
475 2626 504 2684 p.
516 2610 616 2683 401‚6
637 2608 814 2686 “Subigere,
834 2608 949 2668 mollire
970 2608 1018 2668 vel
1038 2625 1186 2668 exercere.
1210 2607 1370 2669 ...Luci-

156 2701 211 2759 lius
232 2700 282 2760 lib.
293 2719 358 2758 xxx
377 2700 426 2757 ‘uu
447 2720 503 2778 ego
524 2709 554 2762 te
574 2721 680 2762 acuam
697 2750 704 2765 .
720 2749 727 2764 .
743 2749 750 2764 .
764 2703 907 2764 tessalam
919 2747 948 2761 ..
965 2746 972 2760 .
988 2701 1197 2778 domemque’.’'
1284 2701 1370 2760 Idem

156 2813 185 2871 p.
200 2796 266 2870 233,
280 2797 317 2854 31
342 2794 472 2856 “Anima
495 2799 601 2858 iterum
626 2797 774 2874 significat
797 2794 972 2856 iracundum
992 2797 1039 2854 vel
1058 2795 1215 2864 furiosum3
1242 2794 1320 2853 node
1340 2802 1371 2855 et

157 2889 280 2948 animosi
304 2889 441 2949 dicuntur
466 2890 609 2951 iracundi.
717 2891 854 2950 Lucilius
881 2890 957 2948 libro
984 2907 1049 2946 xxx
1075 2887 1182 2966 ‘atque
1208 2888 1370 2949 animosam

157 2985 312 3042 thessaliam
331 2992 358 3041 ct
369 3028 377 3042 .
389 3027 396 3042 .
409 3026 415 3041 .
426 2985 611 3063 subiectatque
630 2983 826 3061 domaatqoe'.”

232 3075 297 3138 96⁷.
337 3076 452 3135 Nonius
475 3096 504 3155 p.
517 3080 584 3154 461,
605 3078 640 3138 ll
662 3076 850 3154 “subigere,
871 3094 989 3152 cogere.
1014 3121 1068 3136 ...
1088 3075 1221 3136 Lucilius
1242 3076 1292 3135 lib.
1306 3095 1371 3133 xxx

157 3170 236 3231 ‘tuoe
249 3214 275 3232 ..
289 3217 295 3231 .
307 3171 420 3231 ferro'.'’

230 3268 296 3326 969.
335 3265 451 3326 Nonius
472 3284 501 3343 p.
517 3266 585 3342 408,
601 3269 618 3325 9
642 3265 842 3343 “Trepidara
863 3270 1003 3325 metuere.
1023 3263 1219 3325 ...Lucilius
1239 3264 1290 3354 lib.
1305 3282 1370 3320 xxx
1452 3317 1455 3323 .

158 3359 221 3420 ‘sed
236 3405 243 3420 .
257 3406 263 3420 .
277 3405 283 3420 .
295 3362 449 3436 trepidante
463 3405 470 3420 .
484 3405 491 3420 .
503 3405 510 3420 .
522 3358 707 3436 prolundo'.''
981 3376 983 3380 “

234 3452 299 3513 979.
339 3455 450 3513 Festus
471 3470 501 3528 p.
515 3454 582 3526 359,
597 3456 632 3512 13
653 3456 684 3513 et
704 3454 819 3513 Paulus
846 3470 877 3530 p.
893 3453 949 3513 154
973 3453 1125 3528 “Tagax,
1150 3449 1331 3523 furunculus,
1351 3468 1370 3509 a

156 3547 317 3623 tangendo.
341 3548 425 3607 cuius
440 3545 577 3605 vocabuli
591 3545 726 3607 Lucilius
747 3547 887 3621 meminit,
908 3546 948 3606 ‘et
962 3548 1089 3607 mutonis
1104 3593 1111 3608 .
1124 3593 1131 3607 .
1142 3593 1150 3607 .
1161 3554 1300 3621 lagacem
1312 3545 1369 3620 (ta-

154 3661 215 3717 pam
236 3641 393 3717 Festusi'.''
460 3639 588 3719 ¹Nonius
608 3658 637 3716 p.
649 3640 717 3715 408,
728 3644 764 3700 31
786 3640 949 3715 “Tangere
970 3639 1058 3699 ctiam
1079 3641 1300 3700 circumvenire.

154 3733 289 3794 Lucilius
309 3735 361 3796 lib.
376 3752 441 3791 xxx
460 3733 502 3793 ‘et
520 3738 655 3793 macconis
673 3753 757 3793 66666
776 3734 962 3812 perscribere
977 3744 1073 3809 poscet
1089 3734 1230 3794 atacem'.”

232 3826 298 3887 9⁷1.
339 3827 456 3887 Nonius
479 3844 508 3903 p.
517 3829 584 3902 413,
595 3829 630 3886 13
651 3826 815 3887 “Taetrum
829 3826 937 3887 dicitur
954 3825 1131 3903 illudosnm,
1150 3828 1300 3888 faetidum.

153 3920 289 3980 Lucilius
310 3922 435 3981 lib.xxx
456 3921 543 3998 ‘quae
564 3938 625 3980 non
645 3938 826 3979 nxrncnans
845 3921 982 3998 (spectarat
998 3920 1155 3982 Leidensis
1170 3929 1201 3983 et
1214 3921 1368 3982 (leneren-

155 4015 207 4090 sis)
222 4032 391 4074 srucraunr
408 4015 508 4076 studio
523 4034 558 4073 su
579 4017 616 4077 ab
637 4016 753 4076 hominia
772 4013 882 4092 (ominis
896 4013 1093 4088 arusuensis,
1112 4015 1262 4075 homicidae
1277 4013 1368 4076 Guel-

155 4107 344 4187 ferbytanus)
361 4111 609 4187 ...ingressus'.”

155 4230 357 4243 m

231 4288 297 4351 999.
338 4291 465 4364 Manum,
485 4292 568 4367 puto,
589 4303 665 4365 quae
686 4291 810 4363 quaerat
828 4292 951 4364 tangere
971 4291 1128 4349 mulonem.

230 4365 296 4430 971.
338 4366 477 4428 Correxit
496 4366 589 4427 Ianus
611 4363 804 4427 Guilielmlus.
