3044 5032
227 311 268 376 2⁶
802 251 857 360 rn

336 480 494 545 fautorem
517 466 675 564 ostendat,
700 478 769 545 foro
792 476 929 542 amicum
951 475 1150 560 polliceatur.

247 678 299 737 230
335 670 418 735 hunc
440 667 570 750 molere,
594 666 684 732 illam
707 670 814 732 autem
837 669 871 728 ut
893 663 1086 728 frumentum
1109 678 1250 729 vannorc
1271 661 1409 728 lumbis.

337 854 421 919 hano
442 855 497 920 ubi
519 855 588 920 vult
609 855 694 918 male
716 853 844 936 habere,
867 849 976 916 ulcisci
998 866 1057 933 pro
1080 850 1202 914 scelere
1224 847 1304 933 eius,

337 962 452 1022 testam
474 957 571 1022 sumit
592 958 685 1021 homo
708 956 851 1022 Samiam
873 953 944 1037 sibi,
968 949 1143 1036 ‘anopheld'
1167 949 1280 1035 inquit7

337 1059 495 1143 praecidit
517 1060 641 1126 caulem
663 1059 817 1144 testisque
839 1077 905 1122 una
926 1059 1072 1139 amputat
1093 1050 1200 1117 ambo.

338 1245 416 1310 dixi.
462 1244 503 1310 ad
526 1245 717 1330 principium
738 1244 843 1310 venio.
887 1244 1028 1310 vetulam
1051 1247 1148 1326 atque
1170 1240 1312 1306 virosam

251 1354 300 1412 235
338 1367 470 1413 uxorem
493 1346 627 1413 caedam
649 1347 754 1432 potius
777 1367 872 1431 quam
896 1351 1031 1411 castrom
1054 1348 1181 1427 egomet
1201 1362 1261 1408 me.

338 1556 379 1601 ne
402 1537 577 1601 amiculam
601 1535 729 1601 obsidat
750 1535 864 1618 caries,
887 1555 928 1600 ne
950 1533 1117 1599 vermiculi
1139 1533 1203 1617 qui.

340 1728 478 1788 aetatem
501 1729 533 1788 et
554 1723 680 1806 faciem,
703 1728 739 1787 ut
759 1741 842 1805 saga
864 1729 896 1787 et
917 1720 1003 1787 bona
1025 1722 1226 1788 conciliatrix

234 1954 311 2019 suut,
332 1966 392 2007 uon
405 1948 500 2023 faciei,
522 1949 564 2007 uti
579 1966 655 2007 nunc
669 1947 786 2021 dicitur,
806 1947 860 2008 sed
881 1946 957 2006 lacis
978 1946 1124 2006 dixerunt.
1212 1946 1291 2006 idem
1308 1947 1454 2010 Lucilius

232 2041 262 2099 in
287 2041 362 2102 libro
384 2042 524 2118 septimo:
546 2043 605 2120 ‘qui
627 2047 785 2102 ...aetatis
806 2040 904 2119 (aetati
929 2040 998 2100 olim
1021 2040 1170 2118 impressi)
1256 2041 1406 2103 ostendat
1426 2062 1455 2102 ae
1510 2046 1513 2057 '

233 2135 272 2208 (ce
292 2135 360 2194 olim
381 2136 522 2214 deletum)
544 2139 606 2198 foro
692 2137 903 2216 polliceatur.”

310 2232 375 2289 230.
415 2232 532 2292 Nonius
553 2253 582 2310 p.
601 2236 645 2308 19,
660 2236 697 2292 24
718 2231 914 2293 “Evaunetur
933 2231 1044 2291 dictum
1064 2237 1110 2289 est
1131 2230 1286 2290 ventiletur
1312 2231 1360 2289 vel
1388 2249 1454 2291 mo-

233 2331 336 2385 veatur
357 2324 457 2401 (immo
476 2329 652 2386 cantitabatur
671 2331 715 2386 val
733 2327 906 2404 movebitur),
927 2343 946 2386 a
965 2342 1063 2383 vannu
1085 2324 1211 2400 (conco),
1230 2324 1260 2382 iu
1281 2342 1344 2401 qua
1363 2325 1454 2402 legu-

233 2418 312 2476 mina
331 2420 518 2480 ventilantur.
554 2420 737 2497 Pomponius
757 2419 958 2480 Pannuceatis
980 2418 1061 2479 ‘Dixi
1079 2436 1136 2495 ego
1157 2418 1230 2478 illud
1249 2420 1401 2478 futurum:
1425 2421 1454 2479 in

234 2514 329 2588 prima
354 2515 442 2574 valva
465 2528 511 2575 est
530 2516 670 2590 (fortasse
689 2520 718 2572 c'a
743 2520 822 2591 spica
842 2516 931 2591 palca
951 2524 1002 2584 est,
1028 2520 1142 2572 amator
1162 2513 1280 2590 puellae
1301 2512 1455 2576 adhaeret

234 2614 267 2667 ut
294 2609 394 2685 spicae
421 2609 536 2686 palea),
564 2610 612 2670 vix
638 2609 722 2670 horst
742 2610 850 2669 misera
870 2608 949 2685 (lego
970 2607 1071 2684 miser).
1112 2609 1299 2682 Evanuetur‚
1325 2613 1357 2665 et
1381 2627 1457 2668 mea

235 2703 317 2762 ocius
339 2703 436 2778 (immo
459 2706 562 2782 otiam)
576 2723 669 2783 opera
689 2707 722 2765 ut
741 2705 794 2763 fiat
813 2703 931 2763 feccro’.
965 2703 1098 2762 Lucilius
1120 2707 1210 2761 satur.
1230 2700 1280 2759 lib.
1294 2718 1337 2756 vn
1360 2700 1455 2762 ‘hunc

235 2799 342 2857 molere
363 2817 432 2856 11111
515 2819 645 2861 vennere
667 2819 733 2858 num
753 2798 835 2857 vrs'.''

309 2896 375 2953 231.
415 2893 531 2955 Nonius
551 2914 581 2972 p.
596 2898 662 2968 398,
676 2897 712 2952 31
735 2891 886 2954 “Samium
906 2909 1007 2952 rursus
1028 2896 1160 2964 acutum;
1181 2889 1260 2948 unde
1274 2895 1305 2948 et
1319 2890 1456 2952 samiare

236 2987 359 3047 dicimus
382 3006 497 3062 acuere,
519 2989 600 3065 quod
619 2989 650 3047 in
665 2987 754 3048 Samo
776 2986 832 3046 hoc
853 3003 948 3062 genus
970 2986 1042 3044 artis
1063 2984 1184 3061 polleat.
1214 2984 1350 3043 Lucilius
1368 2994 1456 3064 saty-

234 3099 330 3142 rarum
345 3083 395 3141 lib.
407 3102 449 3139 vu
465 3083 552 3144 ‘hanc
574 3128 620 3142 ...
635 3100 689 3159 pro
706 3100 784 3139 cunr
799 3082 861 3140 cius
927 3079 1047 3151 samiam
1061 3098 1103 3137 rar
1119 3098 1157 3140 an
1174 3098 1236 3137 uuo
1252 3098 1336 3137 nuuc
1351 3080 1457 3158 inquit

236 3177 418 3237 ...ambo’.''

310 3273 377 3331 234.
417 3269 534 3330 Nonius
555 3288 584 3346 p.
599 3271 646 3344 21,
662 3271 699 3328 30
721 3267 869 3329 “Virosae
889 3269 1027 3328 mulieres
1049 3269 1186 3329 dicuutur
1207 3269 1333 3329 virorum
1353 3287 1455 3348 appe·

232 3372 328 3427 tentes
348 3366 396 3424 vel
409 3364 587 3423 luxuriosae.
617 3362 751 3423 Lucilius
767 3366 933 3441 satyrarum
951 3363 1002 3423 lib.
1016 3383 1058 3420 vu
1080 3363 1152 3423 ‘dixi
1173 3409 1219 3423 ...
1235 3365 1331 3422 cedam
1345 3365 1456 3439 potius

234 3461 374 3520 ...me'.''

309 3557 375 3615 236.
415 3554 532 3614 Nouius
553 3572 582 3631 p.
599 3554 646 3628 21,
660 3554 698 3612 24
719 3552 846 3637 “Garios
868 3560 915 3612 est
940 3559 1075 3614 vetustas
1103 3554 1150 3613 vel
1177 3553 1341 3629 putrilago;
1368 3553 1456 3614 unde

233 3650 379 3710 cariceum
400 3647 500 3726 (immo
521 3646 670 3725 coriorum)
691 3640 806 3708 veteres
829 3648 973 3708 dixerunt.
1004 3648 1137 3709 Lucilius
1154 3655 1319 3726 satyrarum
1338 3646 1392 3706 lib,
1408 3667 1454 3709 vu

233 3744 280 3803 ‘ne
367 3742 596 3803 vermiculicuu'.
639 3741 790 3819 Turpilius
810 3742 967 3803 Leucadia
987 3742 1089 3821 ‘ciperi
1111 3745 1163 3812 (Ei
1181 3746 1279 3820 perii),
1301 3740 1392 3800 viden
1418 3751 1456 3804 ut

233 3839 384 3900 osculatur
397 3835 527 3898 cariem?
549 3855 615 3896 num
637 3836 718 3895 illum
740 3836 848 3897 illaec?
869 3837 978 3915 pudet’.
1010 3839 1153 3899 Afranius
1173 3837 1318 3913 Privigno
1339 3835 1454 3898 ‘Nemo

157 4010 160 4016 Ι
231 3935 284 3993 illu
303 3934 376 3993 vivit
396 3933 475 3992 carie
497 3931 640 3992 curiosior
660 3929 801 4007 (fortasse
823 3936 934 3991 coriosa
954 3931 1135 4007 curioaor)'.”

310 4025 376 4087 237.
422 4026 538 4086 Nonius
564 4046 594 4104 p.
610 4028 694 4100 23,2
720 4023 842 4104 “Sagae
870 4026 1007 4086 mulieres
1032 4025 1170 4085 dicuntur
1195 4026 1320 4085 feminae
1347 4025 1457 4100 (immo.

232 4123 387 4198 veneficae),
407 4120 446 4180 ad
465 4120 626 4180 lubidinem
647 4119 1008 4202 virorumindagatrices.
1047 4119 1126 4180 unde
1154 4127 1185 4180 et
1206 4138 1334 4199 sagaces
1356 4139 1453 4184 canes

310 4303 375 4362 230.
415 4303 494 4360 illata
514 4301 626 4361 Iunius.
744 4303 840 4360 lumbis
861 4268 1023 4362 Mercerns.

239 4437 261 4450 ,,
310 4381 375 4467 231.
410 4398 472 4456 pro
487 4380 586 4447 1111111
605 4381 662 4439 cicc
681 4377 795 4438 Iunius.
881 4442 884 4447 .
