<?xml version="1.0" encoding="UTF-8"?>
<!DOCTYPE html PUBLIC "-//W3C//DTD XHTML 1.0 Transitional//EN"
    "http://www.w3.org/TR/xhtml1/DTD/xhtml1-transitional.dtd">
<html xmlns="http://www.w3.org/1999/xhtml" xml:lang="en" lang="en">
 <head>
  <title>
</title>
<meta http-equiv="Content-Type" content="text/html;charset=utf-8" />
  <meta name='ocr-system' content='tesseract 3.04.00' />
  <meta name='ocr-capabilities' content='ocr_page ocr_carea ocr_par ocr_line ocrx_word'/>
</head>
<body>
  <div class='ocr_page' id='page_1' title='image "./saturarum01lucigoog_0038.png"; bbox 0 0 3044 5032; ppageno 0'>
   <div class='ocr_carea' id='block_1_1' title="bbox 211 320 1284 748">
    <p class='ocr_par' dir='ltr' id='par_1_1' title="bbox 211 320 1284 748">
     <span class='ocr_line' id='line_1_1' title="bbox 740 320 794 371; baseline 0 0"><span class='ocrx_word' id='word_1_1' title='bbox 740 320 794 371; x_wconf 82' lang='lat' dir='ltr'>vn</span> 
     </span>
     <span class='ocr_line' id='line_1_2' title="bbox 272 490 1056 576; baseline -0.004 -19"><span class='ocrx_word' id='word_1_2' title='bbox 272 494 306 559; x_wconf 91' lang='lat' dir='ltr'>id</span> <span class='ocrx_word' id='word_1_3' title='bbox 328 492 429 558; x_wconf 91' lang='lat' dir='ltr'>solnm</span> <span class='ocrx_word' id='word_1_4' title='bbox 453 491 611 558; x_wconf 87' lang='lat' dir='ltr'>adversae</span> <span class='ocrx_word' id='word_1_5' title='bbox 634 491 784 558; x_wconf 73' lang='lat' dir='ltr'><strong>fortunae</strong></span> <span class='ocrx_word' id='word_1_6' title='bbox 806 511 905 576; x_wconf 88' lang='lat' dir='ltr'>reque</span> <span class='ocrx_word' id='word_1_7' title='bbox 928 490 1056 557; x_wconf 79' lang='lat' dir='ltr'><strong>resistit.</strong></span> 
     </span>
     <span class='ocr_line' id='line_1_3' title="bbox 211 660 1284 748; baseline -0.002 -20"><span class='ocrx_word' id='word_1_8' title='bbox 211 737 214 742; x_wconf 50' lang='grc'><strong>,</strong></span> <span class='ocrx_word' id='word_1_9' title='bbox 272 665 386 748; x_wconf 28' lang='lat' dir='ltr'>pluma·</span> <span class='ocrx_word' id='word_1_10' title='bbox 401 669 498 748; x_wconf 84' lang='lat' dir='ltr'>atque</span> <span class='ocrx_word' id='word_1_11' title='bbox 521 661 695 746; x_wconf 79' lang='lat' dir='ltr'>amiitapoe</span> <span class='ocrx_word' id='word_1_12' title='bbox 717 668 750 729; x_wconf 89' lang='lat' dir='ltr'>ot</span> <span class='ocrx_word' id='word_1_13' title='bbox 772 662 798 728; x_wconf 91' lang='lat' dir='ltr'>si</span> <span class='ocrx_word' id='word_1_14' title='bbox 821 662 909 728; x_wconf 91' lang='lat' dir='ltr'>aliud</span> <span class='ocrx_word' id='word_1_15' title='bbox 933 660 1010 746; x_wconf 89' lang='lat' dir='ltr'>quid</span> <span class='ocrx_word' id='word_1_16' title='bbox 1033 661 1222 728; x_wconf 87' lang='lat' dir='ltr'>deliciarum</span> <span class='ocrx_word' id='word_1_17' title='bbox 1281 696 1284 702; x_wconf 90' lang='lat'>-</span> 
     </span>
    </p>
   </div>
   <div class='ocr_carea' id='block_1_2' title="bbox 185 832 656 900">
    <p class='ocr_par' dir='ltr' id='par_1_2' title="bbox 185 832 656 900">
     <span class='ocr_line' id='line_1_4' title="bbox 185 832 656 900; baseline -0.002 -2"><span class='ocrx_word' id='word_1_18' title='bbox 185 841 233 898; x_wconf 76' lang='lat'>225</span> <span class='ocrx_word' id='word_1_19' title='bbox 271 834 315 899; x_wconf 89' lang='lat' dir='ltr'>da</span> <span class='ocrx_word' id='word_1_20' title='bbox 336 835 447 900; x_wconf 90' lang='lat' dir='ltr'>bibere</span> <span class='ocrx_word' id='word_1_21' title='bbox 469 832 511 899; x_wconf 89' lang='lat' dir='ltr'>ab</span> <span class='ocrx_word' id='word_1_22' title='bbox 534 851 656 898; x_wconf 86' lang='lat' dir='ltr'>summo</span> 
     </span>
    </p>
   </div>
   <div class='ocr_carea' id='block_1_3' title="bbox 330 1005 790 1072">
    <p class='ocr_par' dir='ltr' id='par_1_3' title="bbox 330 1005 790 1072">
     <span class='ocr_line' id='line_1_5' title="bbox 330 1005 790 1072; baseline 0.002 -2"><span class='ocrx_word' id='word_1_23' title='bbox 330 1011 336 1023; x_wconf 78' lang='grc'><strong>“</strong></span> <span class='ocrx_word' id='word_1_24' title='bbox 387 1040 392 1048; x_wconf 92' lang='lat'><strong>·</strong></span> <span class='ocrx_word' id='word_1_25' title='bbox 422 1005 650 1072; x_wconf 88' lang='lat' dir='ltr'>Sardinensem</span> <span class='ocrx_word' id='word_1_26' title='bbox 672 1011 790 1071; x_wconf 88' lang='lat' dir='ltr'>terram</span> 
     </span>
    </p>
   </div>
   <div class='ocr_carea' id='block_1_4' title="bbox 620 1147 1098 1262">
    <p class='ocr_par' dir='ltr' id='par_1_4' title="bbox 620 1147 1098 1262">
     <span class='ocr_line' id='line_1_6' title="bbox 620 1147 1098 1262; baseline -0.002 -19"><span class='ocrx_word' id='word_1_27' title='bbox 620 1147 745 1262; x_wconf 20' lang='lat' dir='ltr'>&#39;ipsum</span> <span class='ocrx_word' id='word_1_28' title='bbox 768 1175 844 1260; x_wconf 89' lang='lat' dir='ltr'>quid</span> <span class='ocrx_word' id='word_1_29' title='bbox 867 1177 974 1243; x_wconf 85' lang='lat' dir='ltr'>facere</span> <span class='ocrx_word' id='word_1_30' title='bbox 998 1182 1098 1262; x_wconf 87' lang='lat' dir='ltr'>optes.</span> 
     </span>
    </p>
   </div>
   <div class='ocr_carea' id='block_1_5' title="bbox 726 1419 903 1504">
    <p class='ocr_par' dir='ltr' id='par_1_5' title="bbox 726 1419 903 1504">
     <span class='ocr_line' id='line_1_7' title="bbox 726 1419 903 1504; baseline -0.011 0"><span class='ocrx_word' id='word_1_31' title='bbox 726 1419 816 1504; x_wconf 81' lang='lat' dir='ltr'>VH·</span> <span class='ocrx_word' id='word_1_32' title='bbox 874 1449 903 1466; x_wconf 66' lang='lat'><strong><em>‘</em></strong></span> 
     </span>
    </p>
   </div>
   <div class='ocr_carea' id='block_1_6' title="bbox 186 1600 962 1704">
    <p class='ocr_par' dir='ltr' id='par_1_6' title="bbox 186 1600 962 1704">
     <span class='ocr_line' id='line_1_8' title="bbox 186 1600 962 1704; baseline 0.005 -25"><span class='ocrx_word' id='word_1_33' title='bbox 186 1614 206 1654; x_wconf 80' lang='grc'><em>*</em></span> <span class='ocrx_word' id='word_1_34' title='bbox 272 1616 325 1699; x_wconf 93' lang='lat' dir='ltr'>qui</span> <span class='ocrx_word' id='word_1_35' title='bbox 348 1623 378 1682; x_wconf 92' lang='lat' dir='ltr'>te</span> <span class='ocrx_word' id='word_1_36' title='bbox 402 1600 519 1702; x_wconf 83' lang='lat' dir='ltr'>diligat</span> <span class='ocrx_word' id='word_1_37' title='bbox 540 1622 637 1685; x_wconf 88' lang='lat' dir='ltr'>aetati</span> <span class='ocrx_word' id='word_1_38' title='bbox 661 1619 808 1704; x_wconf 82' lang='lat' dir='ltr'>facieque</span> <span class='ocrx_word' id='word_1_39' title='bbox 830 1626 904 1685; x_wconf 90' lang='lat' dir='ltr'>tuae</span> <span class='ocrx_word' id='word_1_40' title='bbox 927 1638 962 1683; x_wconf 91' lang='lat' dir='ltr'>se</span> 
     </span>
    </p>
   </div>
   <div class='ocr_carea' id='block_1_7' title="bbox 112 1789 1450 4321">
    <p class='ocr_par' dir='ltr' id='par_1_7' title="bbox 164 1789 1375 1964">
     <span class='ocr_line' id='line_1_9' title="bbox 241 1789 1375 1868; baseline 0.005 -23"><span class='ocrx_word' id='word_1_41' title='bbox 241 1791 305 1846; x_wconf 89' lang='grc'>223.</span> <span class='ocrx_word' id='word_1_42' title='bbox 346 1789 462 1849; x_wconf 88' lang='lat' dir='ltr'>Nonius</span> <span class='ocrx_word' id='word_1_43' title='bbox 488 1809 518 1867; x_wconf 88' lang='lat' dir='ltr'>p.</span> <span class='ocrx_word' id='word_1_44' title='bbox 533 1792 600 1864; x_wconf 80' lang='lat'>500,</span> <span class='ocrx_word' id='word_1_45' title='bbox 619 1795 654 1852; x_wconf 91' lang='grc'>21</span> <span class='ocrx_word' id='word_1_46' title='bbox 683 1791 863 1852; x_wconf 85' lang='lat' dir='ltr'>“Ablativus</span> <span class='ocrx_word' id='word_1_47' title='bbox 890 1808 944 1868; x_wconf 90' lang='lat' dir='ltr'>pro</span> <span class='ocrx_word' id='word_1_48' title='bbox 971 1790 1109 1865; x_wconf 81' lang='lat' dir='ltr'>genetivo</span> <span class='ocrx_word' id='word_1_49' title='bbox 1131 1789 1312 1865; x_wconf 81' lang='lat' dir='ltr'>(addendum</span> <span class='ocrx_word' id='word_1_50' title='bbox 1331 1796 1375 1853; x_wconf 86' lang='lat' dir='ltr'>uel</span> 
     </span>
     <span class='ocr_line' id='line_1_10' title="bbox 164 1881 1371 1964; baseline 0.006 -26"><span class='ocrx_word' id='word_1_51' title='bbox 164 1881 278 1957; x_wconf 80' lang='lat' dir='ltr'>dativo).</span> <span class='ocrx_word' id='word_1_52' title='bbox 302 1882 440 1942; x_wconf 90' lang='lat' dir='ltr'>...idem</span> <span class='ocrx_word' id='word_1_53' title='bbox 460 1883 510 1942; x_wconf 90' lang='lat' dir='ltr'>lib.</span> <span class='ocrx_word' id='word_1_54' title='bbox 528 1904 558 1941; x_wconf 90' lang='lat' dir='ltr'>vr</span> <span class='ocrx_word' id='word_1_55' title='bbox 580 1884 629 1943; x_wconf 82' lang='lat' dir='ltr'>‘sn</span> <span class='ocrx_word' id='word_1_56' title='bbox 648 1886 680 1945; x_wconf 89' lang='lat' dir='ltr'>id</span> <span class='ocrx_word' id='word_1_57' title='bbox 701 1892 858 1964; x_wconf 82' lang='lat' dir='ltr'>...reique</span> <span class='ocrx_word' id='word_1_58' title='bbox 878 1884 1026 1945; x_wconf 80' lang='lat' dir='ltr'>resistit’.&#39;&#39;</span> <span class='ocrx_word' id='word_1_59' title='bbox 1203 1889 1218 1895; x_wconf 72' lang='grc'>’”</span> <span class='ocrx_word' id='word_1_60' title='bbox 1240 1889 1244 1894; x_wconf 83' lang='grc'><em>’</em></span> <span class='ocrx_word' id='word_1_61' title='bbox 1270 1888 1282 1895; x_wconf 84' lang='grc'>”</span> <span class='ocrx_word' id='word_1_62' title='bbox 1304 1889 1306 1893; x_wconf 83' lang='grc'><strong>’</strong></span> <span class='ocrx_word' id='word_1_63' title='bbox 1368 1888 1371 1892; x_wconf 83' lang='grc'><strong>’</strong></span> 
     </span>
    </p>

    <p class='ocr_par' dir='ltr' id='par_1_8' title="bbox 163 1978 1373 2245">
     <span class='ocr_line' id='line_1_11' title="bbox 240 1978 1373 2058; baseline 0.004 -22"><span class='ocrx_word' id='word_1_64' title='bbox 240 1978 305 2036; x_wconf 84' lang='grc'>224.</span> <span class='ocrx_word' id='word_1_65' title='bbox 346 1978 462 2037; x_wconf 87' lang='lat' dir='ltr'>Nonius</span> <span class='ocrx_word' id='word_1_66' title='bbox 484 1998 513 2055; x_wconf 90' lang='lat' dir='ltr'>p.</span> <span class='ocrx_word' id='word_1_67' title='bbox 527 1981 595 2056; x_wconf 77' lang='grc'>540,-</span> <span class='ocrx_word' id='word_1_68' title='bbox 610 1983 648 2041; x_wconf 85' lang='grc'>25</span> <span class='ocrx_word' id='word_1_69' title='bbox 669 1979 860 2058; x_wconf 76' lang='lat' dir='ltr'>“Amsytopoc</span> <span class='ocrx_word' id='word_1_70' title='bbox 880 1982 980 2039; x_wconf 88' lang='lat' dir='ltr'>restes</span> <span class='ocrx_word' id='word_1_71' title='bbox 1002 1978 1138 2038; x_wconf 90' lang='lat' dir='ltr'>dicuntur</span> <span class='ocrx_word' id='word_1_72' title='bbox 1157 1979 1303 2058; x_wconf 84' lang='lat' dir='ltr'>utrimque</span> <span class='ocrx_word' id='word_1_73' title='bbox 1323 1982 1373 2041; x_wconf 91' lang='lat' dir='ltr'>ha-</span> 
     </span>
     <span class='ocr_line' id='line_1_12' title="bbox 163 2071 1373 2152; baseline 0.004 -22"><span class='ocrx_word' id='word_1_74' title='bbox 163 2073 267 2131; x_wconf 89' lang='lat' dir='ltr'>bentes</span> <span class='ocrx_word' id='word_1_75' title='bbox 292 2071 387 2132; x_wconf 88' lang='lat' dir='ltr'>villos.</span> <span class='ocrx_word' id='word_1_76' title='bbox 414 2072 566 2132; x_wconf 88' lang='lat' dir='ltr'>...idem</span> <span class='ocrx_word' id='word_1_77' title='bbox 591 2073 641 2133; x_wconf 86' lang='lat' dir='ltr'>lib.</span> <span class='ocrx_word' id='word_1_78' title='bbox 657 2094 689 2132; x_wconf 85' lang='lat' dir='ltr'>rr</span> <span class='ocrx_word' id='word_1_79' title='bbox 715 2074 824 2152; x_wconf 85' lang='lat' dir='ltr'>‘pluma</span> <span class='ocrx_word' id='word_1_80' title='bbox 906 2071 1095 2133; x_wconf 78' lang='lat' dir='ltr'>deliciarum&#39;.</span> <span class='ocrx_word' id='word_1_81' title='bbox 1144 2073 1242 2134; x_wconf 88' lang='lat' dir='ltr'>Varro</span> <span class='ocrx_word' id='word_1_82' title='bbox 1270 2076 1373 2135; x_wconf 84' lang='lat' dir='ltr'>Manio</span> 
     </span>
     <span class='ocr_line' id='line_1_13' title="bbox 164 2167 1210 2245; baseline 0.001 -22"><span class='ocrx_word' id='word_1_83' title='bbox 164 2167 297 2225; x_wconf 87' lang='lat' dir='ltr'>&#39;alterum</span> <span class='ocrx_word' id='word_1_84' title='bbox 318 2167 394 2225; x_wconf 92' lang='lat' dir='ltr'>bene</span> <span class='ocrx_word' id='word_1_85' title='bbox 415 2172 571 2245; x_wconf 87' lang='lat' dir='ltr'>acceptum</span> <span class='ocrx_word' id='word_1_86' title='bbox 592 2168 718 2228; x_wconf 92' lang='lat' dir='ltr'>dormire</span> <span class='ocrx_word' id='word_1_87' title='bbox 739 2186 828 2245; x_wconf 87' lang='lat' dir='ltr'>snper</span> <span class='ocrx_word' id='word_1_88' title='bbox 848 2170 976 2245; x_wconf 75' lang='lat' dir='ltr'>umfitobo</span> <span class='ocrx_word' id='word_1_89' title='bbox 997 2167 1072 2226; x_wconf 91' lang='lat' dir='ltr'>bene</span> <span class='ocrx_word' id='word_1_90' title='bbox 1092 2167 1210 2227; x_wconf 79' lang='lat' dir='ltr'>molli&#39;.”</span> 
     </span>
    </p>

    <p class='ocr_par' dir='ltr' id='par_1_9' title="bbox 157 2260 1374 3075">
     <span class='ocr_line' id='line_1_14' title="bbox 241 2260 1374 2339; baseline 0.003 -20"><span class='ocrx_word' id='word_1_91' title='bbox 241 2262 306 2320; x_wconf 87' lang='grc'>225.</span> <span class='ocrx_word' id='word_1_92' title='bbox 346 2260 484 2321; x_wconf 77' lang='lat' dir='ltr'>Donatus</span> <span class='ocrx_word' id='word_1_93' title='bbox 511 2261 551 2321; x_wconf 91' lang='lat' dir='ltr'>ad</span> <span class='ocrx_word' id='word_1_94' title='bbox 576 2262 706 2323; x_wconf 77' lang='lat' dir='ltr'>Terentii</span> <span class='ocrx_word' id='word_1_95' title='bbox 733 2263 877 2323; x_wconf 83' lang='lat' dir='ltr'>Andriam</span> <span class='ocrx_word' id='word_1_96' title='bbox 898 2266 978 2334; x_wconf 86' lang='grc' dir='ltr'>ιιι,2</span> <span class='ocrx_word' id='word_1_97' title='bbox 1004 2281 1033 2339; x_wconf 95' lang='lat' dir='ltr'>p.</span> <span class='ocrx_word' id='word_1_98' title='bbox 1047 2263 1086 2321; x_wconf 78' lang='lat'>54</span> <span class='ocrx_word' id='word_1_99' title='bbox 1112 2260 1221 2335; x_wconf 73' lang='lat' dir='ltr'>“Quod</span> <span class='ocrx_word' id='word_1_100' title='bbox 1247 2263 1319 2322; x_wconf 89' lang='lat' dir='ltr'>iussi</span> <span class='ocrx_word' id='word_1_101' title='bbox 1347 2266 1374 2322; x_wconf 87' lang='lat' dir='ltr'>ei</span> 
     </span>
     <span class='ocr_line' id='line_1_15' title="bbox 164 2354 1372 2434; baseline 0.004 -22"><span class='ocrx_word' id='word_1_102' title='bbox 164 2354 235 2413; x_wconf 89' lang='lat' dir='ltr'>dare</span> <span class='ocrx_word' id='word_1_103' title='bbox 265 2355 366 2414; x_wconf 89' lang='lat' dir='ltr'>bibere</span> <span class='ocrx_word' id='word_1_104' title='bbox 396 2359 426 2412; x_wconf 86' lang='lat' dir='ltr'>et</span> <span class='ocrx_word' id='word_1_105' title='bbox 451 2363 592 2431; x_wconf 89' lang='lat' dir='ltr'>quantum</span> <span class='ocrx_word' id='word_1_106' title='bbox 617 2358 759 2434; x_wconf 73' lang='lat' dir='ltr'>imperavi</span> <span class='ocrx_word' id='word_1_107' title='bbox 790 2358 868 2417; x_wconf 87' lang='lat' dir='ltr'>date.</span> <span class='ocrx_word' id='word_1_108' title='bbox 914 2355 1134 2416; x_wconf 74' lang='lat' dir='ltr'>consuetudine</span> <span class='ocrx_word' id='word_1_109' title='bbox 1163 2357 1258 2431; x_wconf 87' lang='lat' dir='ltr'>magis</span> <span class='ocrx_word' id='word_1_110' title='bbox 1285 2359 1372 2434; x_wconf 88' lang='lat' dir='ltr'>quam</span> 
     </span>
     <span class='ocr_line' id='line_1_16' title="bbox 162 2449 1373 2529; baseline 0.002 -21"><span class='ocrx_word' id='word_1_111' title='bbox 162 2450 276 2508; x_wconf 88' lang='lat' dir='ltr'>ratione</span> <span class='ocrx_word' id='word_1_112' title='bbox 303 2449 378 2507; x_wconf 87' lang='lat' dir='ltr'>dixit</span> <span class='ocrx_word' id='word_1_113' title='bbox 401 2468 455 2524; x_wconf 91' lang='lat' dir='ltr'>pro</span> <span class='ocrx_word' id='word_1_114' title='bbox 482 2450 551 2510; x_wconf 88' lang='lat' dir='ltr'>date</span> <span class='ocrx_word' id='word_1_115' title='bbox 578 2451 692 2528; x_wconf 77' lang='lat' dir='ltr'>(derel)</span> <span class='ocrx_word' id='word_1_116' title='bbox 716 2453 742 2511; x_wconf 89' lang='lat' dir='ltr'>ei</span> <span class='ocrx_word' id='word_1_117' title='bbox 766 2453 924 2529; x_wconf 90' lang='lat' dir='ltr'>potionem.</span> <span class='ocrx_word' id='word_1_118' title='bbox 972 2449 1107 2509; x_wconf 85' lang='lat' dir='ltr'>Lucilius</span> <span class='ocrx_word' id='word_1_119' title='bbox 1134 2451 1163 2508; x_wconf 90' lang='lat' dir='ltr'>in</span> <span class='ocrx_word' id='word_1_120' title='bbox 1191 2457 1276 2510; x_wconf 85' lang='lat' dir='ltr'>sexto</span> <span class='ocrx_word' id='word_1_121' title='bbox 1298 2450 1373 2512; x_wconf 78' lang='lat' dir='ltr'>‘duta</span> 
     </span>
     <span class='ocr_line' id='line_1_17' title="bbox 162 2543 1371 2619; baseline 0.002 -16"><span class='ocrx_word' id='word_1_122' title='bbox 162 2545 263 2603; x_wconf 89' lang='lat' dir='ltr'>bibere</span> <span class='ocrx_word' id='word_1_123' title='bbox 283 2545 404 2603; x_wconf 82' lang='lat' dir='ltr'>aurumo&#39;.</span> <span class='ocrx_word' id='word_1_124' title='bbox 445 2563 513 2604; x_wconf 89' lang='lat' dir='ltr'>nam</span> <span class='ocrx_word' id='word_1_125' title='bbox 533 2546 592 2606; x_wconf 91' lang='lat' dir='ltr'>duo</span> <span class='ocrx_word' id='word_1_126' title='bbox 613 2546 705 2608; x_wconf 88' lang='lat' dir='ltr'>rerba</span> <span class='ocrx_word' id='word_1_127' title='bbox 727 2548 826 2606; x_wconf 85' lang='lat' dir='ltr'>activa</span> <span class='ocrx_word' id='word_1_128' title='bbox 851 2546 961 2604; x_wconf 91' lang='lat' dir='ltr'>nullam</span> <span class='ocrx_word' id='word_1_129' title='bbox 987 2544 1101 2604; x_wconf 90' lang='lat' dir='ltr'>habent</span> <span class='ocrx_word' id='word_1_130' title='bbox 1127 2543 1371 2619; x_wconf 85' lang='lat' dir='ltr'>significationem</span> 
     </span>
     <span class='ocr_line' id='line_1_18' title="bbox 163 2637 1372 2717; baseline 0.001 -19"><span class='ocrx_word' id='word_1_131' title='bbox 163 2641 225 2698; x_wconf 86' lang='lat' dir='ltr'>sine</span> <span class='ocrx_word' id='word_1_132' title='bbox 248 2639 364 2698; x_wconf 92' lang='lat' dir='ltr'>nomine</span> <span class='ocrx_word' id='word_1_133' title='bbox 387 2648 437 2699; x_wconf 85' lang='lat' dir='ltr'>ant</span> <span class='ocrx_word' id='word_1_134' title='bbox 456 2641 639 2716; x_wconf 90' lang='lat' dir='ltr'>pronomine,</span> <span class='ocrx_word' id='word_1_135' title='bbox 661 2646 693 2698; x_wconf 86' lang='lat' dir='ltr'>nt</span> <span class='ocrx_word' id='word_1_136' title='bbox 712 2639 736 2698; x_wconf 89' lang='lat' dir='ltr'>si</span> <span class='ocrx_word' id='word_1_137' title='bbox 759 2639 843 2699; x_wconf 89' lang='lat' dir='ltr'>dicas</span> <span class='ocrx_word' id='word_1_138' title='bbox 865 2639 923 2697; x_wconf 90' lang='lat' dir='ltr'>&#39;dic</span> <span class='ocrx_word' id='word_1_139' title='bbox 945 2637 1078 2695; x_wconf 85' lang='lat' dir='ltr'>facere’.&#39;&#39;</span> <span class='ocrx_word' id='word_1_140' title='bbox 1205 2639 1372 2717; x_wconf 83' lang='lat' dir='ltr'>Porphyrio</span> 
     </span>
     <span class='ocr_line' id='line_1_19' title="bbox 163 2730 1372 2810; baseline 0 -17"><span class='ocrx_word' id='word_1_141' title='bbox 163 2734 200 2793; x_wconf 89' lang='lat' dir='ltr'>ad</span> <span class='ocrx_word' id='word_1_142' title='bbox 221 2734 338 2794; x_wconf 83' lang='lat' dir='ltr'>Horatii</span> <span class='ocrx_word' id='word_1_143' title='bbox 367 2753 455 2793; x_wconf 88' lang='lat' dir='ltr'>carm.</span> <span class='ocrx_word' id='word_1_144' title='bbox 469 2754 512 2807; x_wconf 89' lang='lat' dir='ltr'>ru,</span> <span class='ocrx_word' id='word_1_145' title='bbox 527 2736 575 2806; x_wconf 88' lang='grc'>21,</span> <span class='ocrx_word' id='word_1_146' title='bbox 594 2732 608 2792; x_wconf 70' lang='lat' dir='ltr'>*l</span> <span class='ocrx_word' id='word_1_147' title='bbox 637 2733 791 2794; x_wconf 72' lang='lat' dir='ltr'>“attende</span> <span class='ocrx_word' id='word_1_148' title='bbox 816 2731 1026 2802; x_wconf 82' lang='lat' dir='ltr'>elocutionem,</span> <span class='ocrx_word' id='word_1_149' title='bbox 1043 2730 1201 2791; x_wconf 78' lang='lat' dir='ltr'>‚descende</span> <span class='ocrx_word' id='word_1_150' title='bbox 1228 2752 1372 2810; x_wconf 87' lang='lat' dir='ltr'>promere,</span> 
     </span>
     <span class='ocr_line' id='line_1_20' title="bbox 163 2824 1372 2905; baseline -0.002 -19"><span class='ocrx_word' id='word_1_151' title='bbox 163 2828 310 2887; x_wconf 79' lang='lat' dir='ltr'>descende</span> <span class='ocrx_word' id='word_1_152' title='bbox 331 2836 364 2887; x_wconf 92' lang='lat' dir='ltr'>nt</span> <span class='ocrx_word' id='word_1_153' title='bbox 384 2846 519 2905; x_wconf 84' lang='lat' dir='ltr'>promas3</span> <span class='ocrx_word' id='word_1_154' title='bbox 544 2832 576 2887; x_wconf 90' lang='lat' dir='ltr'>ut</span> <span class='ocrx_word' id='word_1_155' title='bbox 597 2833 645 2886; x_wconf 91' lang='lat' dir='ltr'>est</span> <span class='ocrx_word' id='word_1_156' title='bbox 663 2826 736 2886; x_wconf 90' lang='lat' dir='ltr'>illud</span> <span class='ocrx_word' id='word_1_157' title='bbox 758 2825 870 2885; x_wconf 81' lang='lat' dir='ltr'>‘bibere</span> <span class='ocrx_word' id='word_1_158' title='bbox 891 2824 1041 2882; x_wconf 78' lang='lat' dir='ltr'>obcumo&#39;.”</span> <span class='ocrx_word' id='word_1_159' title='bbox 1080 2825 1186 2885; x_wconf 78' lang='lat' dir='ltr'>Codex</span> <span class='ocrx_word' id='word_1_160' title='bbox 1214 2827 1248 2885; x_wconf 82' lang='lat' dir='ltr'>F.</span> <span class='ocrx_word' id='word_1_161' title='bbox 1269 2826 1372 2886; x_wconf 87' lang='lat' dir='ltr'>Ursini</span> 
     </span>
     <span class='ocr_line' id='line_1_21' title="bbox 157 2918 1371 3000; baseline 0.002 -24"><span class='ocrx_word' id='word_1_162' title='bbox 157 2923 325 2983; x_wconf 87' lang='lat' dir='ltr'>.‘descende</span> <span class='ocrx_word' id='word_1_163' title='bbox 345 2939 479 3000; x_wconf 89' lang='lat' dir='ltr'>promere</span> <span class='ocrx_word' id='word_1_164' title='bbox 500 2939 553 2999; x_wconf 92' lang='lat' dir='ltr'>pro</span> <span class='ocrx_word' id='word_1_165' title='bbox 575 2920 724 2980; x_wconf 86' lang='lat' dir='ltr'>descende</span> <span class='ocrx_word' id='word_1_166' title='bbox 745 2927 777 2979; x_wconf 88' lang='lat' dir='ltr'>ut</span> <span class='ocrx_word' id='word_1_167' title='bbox 796 2923 887 2995; x_wconf 88' lang='lat' dir='ltr'>prout</span> <span class='ocrx_word' id='word_1_168' title='bbox 906 2937 931 2977; x_wconf 91' lang='lat' dir='ltr'>e.</span> <span class='ocrx_word' id='word_1_169' title='bbox 952 2918 971 2978; x_wconf 92' lang='lat' dir='ltr'>i.</span> <span class='ocrx_word' id='word_1_170' title='bbox 992 2919 1105 2995; x_wconf 77' lang='lat' dir='ltr'>Lucilii,</span> <span class='ocrx_word' id='word_1_171' title='bbox 1132 2921 1182 2978; x_wconf 88' lang='lat' dir='ltr'>Du</span> <span class='ocrx_word' id='word_1_172' title='bbox 1202 2921 1303 2981; x_wconf 87' lang='lat' dir='ltr'>bibere</span> <span class='ocrx_word' id='word_1_173' title='bbox 1324 2923 1371 2979; x_wconf 87' lang='lat' dir='ltr'>ob-</span> 
     </span>
     <span class='ocr_line' id='line_1_22' title="bbox 162 3017 255 3075; baseline 0 0"><span class='ocrx_word' id='word_1_174' title='bbox 162 3017 255 3075; x_wconf 71' lang='lat' dir='ltr'>sumo!</span> 
     </span>
    </p>

    <p class='ocr_par' dir='ltr' id='par_1_10' title="bbox 112 3109 1372 3833">
     <span class='ocr_line' id='line_1_23' title="bbox 238 3109 1371 3189; baseline 0.001 -20"><span class='ocrx_word' id='word_1_175' title='bbox 238 3112 303 3170; x_wconf 85' lang='grc'>226.</span> <span class='ocrx_word' id='word_1_176' title='bbox 346 3111 513 3189; x_wconf 83' lang='lat' dir='ltr'>Porphyrio</span> <span class='ocrx_word' id='word_1_177' title='bbox 528 3111 566 3171; x_wconf 90' lang='lat' dir='ltr'>ad</span> <span class='ocrx_word' id='word_1_178' title='bbox 578 3111 696 3171; x_wconf 81' lang='lat' dir='ltr'>Horatii</span> <span class='ocrx_word' id='word_1_179' title='bbox 712 3127 878 3171; x_wconf 87' lang='lat' dir='ltr'>sermonum</span> <span class='ocrx_word' id='word_1_180' title='bbox 893 3129 913 3184; x_wconf 89' lang='lat'>1,</span> <span class='ocrx_word' id='word_1_181' title='bbox 925 3113 952 3183; x_wconf 87' lang='lat'>3,</span> <span class='ocrx_word' id='word_1_182' title='bbox 967 3111 980 3168; x_wconf 94' lang='lat' dir='ltr'>l</span> <span class='ocrx_word' id='word_1_183' title='bbox 1002 3109 1058 3168; x_wconf 83' lang='lat' dir='ltr'>“In</span> <span class='ocrx_word' id='word_1_184' title='bbox 1073 3110 1198 3170; x_wconf 91' lang='lat' dir='ltr'>eundem</span> <span class='ocrx_word' id='word_1_185' title='bbox 1213 3111 1371 3188; x_wconf 83' lang='lat' dir='ltr'>Tigellium</span> 
     </span>
     <span class='ocr_line' id='line_1_24' title="bbox 161 3203 1372 3283; baseline 0.002 -19"><span class='ocrx_word' id='word_1_186' title='bbox 161 3207 379 3280; x_wconf 85' lang='lat' dir='ltr'>Hermogenem</span> <span class='ocrx_word' id='word_1_187' title='bbox 401 3214 430 3265; x_wconf 91' lang='lat' dir='ltr'>et</span> <span class='ocrx_word' id='word_1_188' title='bbox 450 3206 497 3267; x_wconf 86' lang='lat' dir='ltr'>hic</span> <span class='ocrx_word' id='word_1_189' title='bbox 517 3206 673 3278; x_wconf 84' lang='lat' dir='ltr'>invehitur,</span> <span class='ocrx_word' id='word_1_190' title='bbox 693 3223 817 3283; x_wconf 90' lang='lat' dir='ltr'>eumque</span> <span class='ocrx_word' id='word_1_191' title='bbox 835 3203 963 3264; x_wconf 86' lang='lat' dir='ltr'>Sardum</span> <span class='ocrx_word' id='word_1_192' title='bbox 985 3205 1070 3277; x_wconf 87' lang='lat' dir='ltr'>dixit,</span> <span class='ocrx_word' id='word_1_193' title='bbox 1093 3205 1173 3283; x_wconf 91' lang='lat' dir='ltr'>quod</span> <span class='ocrx_word' id='word_1_194' title='bbox 1187 3207 1215 3265; x_wconf 92' lang='lat' dir='ltr'>in</span> <span class='ocrx_word' id='word_1_195' title='bbox 1231 3207 1372 3268; x_wconf 88' lang='lat' dir='ltr'>Sardinia</span> 
     </span>
     <span class='ocr_line' id='line_1_25' title="bbox 161 3292 1369 3378; baseline 0.002 -20"><span class='ocrx_word' id='word_1_196' title='bbox 161 3307 242 3359; x_wconf 88' lang='lat' dir='ltr'>esset</span> <span class='ocrx_word' id='word_1_197' title='bbox 268 3307 364 3360; x_wconf 88' lang='lat' dir='ltr'>natus.</span> <span class='ocrx_word' id='word_1_198' title='bbox 412 3302 612 3362; x_wconf 85' lang='lat' dir='ltr'>annotandum</span> <span class='ocrx_word' id='word_1_199' title='bbox 637 3319 708 3377; x_wconf 84' lang='lat' dir='ltr'>ergo</span> <span class='ocrx_word' id='word_1_200' title='bbox 737 3299 864 3360; x_wconf 88' lang='lat' dir='ltr'>Sardum</span> <span class='ocrx_word' id='word_1_201' title='bbox 892 3307 921 3359; x_wconf 87' lang='lat' dir='ltr'>et</span> <span class='ocrx_word' id='word_1_202' title='bbox 948 3292 1158 3360; x_wconf 84' lang='lat' dir='ltr'>Sardinensem</span> <span class='ocrx_word' id='word_1_203' title='bbox 1183 3301 1243 3360; x_wconf 90' lang='lat' dir='ltr'>dici</span> <span class='ocrx_word' id='word_1_204' title='bbox 1269 3320 1369 3378; x_wconf 89' lang='lat' dir='ltr'>posse.</span> 
     </span>
     <span class='ocr_line' id='line_1_26' title="bbox 159 3393 1371 3469; baseline 0.002 -17"><span class='ocrx_word' id='word_1_205' title='bbox 159 3413 227 3454; x_wconf 91' lang='lat' dir='ltr'>nam</span> <span class='ocrx_word' id='word_1_206' title='bbox 249 3396 355 3454; x_wconf 79' lang='lat' dir='ltr'>Lucius</span> <span class='ocrx_word' id='word_1_207' title='bbox 373 3396 508 3455; x_wconf 82' lang='lat' dir='ltr'>Surcitius</span> <span class='ocrx_word' id='word_1_208' title='bbox 523 3395 734 3456; x_wconf 89' lang='lat' dir='ltr'>Sardinensem</span> <span class='ocrx_word' id='word_1_209' title='bbox 754 3393 831 3453; x_wconf 87' lang='lat' dir='ltr'>dixit</span> <span class='ocrx_word' id='word_1_210' title='bbox 849 3393 879 3451; x_wconf 92' lang='lat' dir='ltr'>in</span> <span class='ocrx_word' id='word_1_211' title='bbox 900 3398 986 3453; x_wconf 84' lang='lat' dir='ltr'>sexto</span> <span class='ocrx_word' id='word_1_212' title='bbox 1005 3400 1180 3469; x_wconf 84' lang='lat' dir='ltr'>satyrarum,</span> <span class='ocrx_word' id='word_1_213' title='bbox 1203 3393 1371 3454; x_wconf 81' lang='lat' dir='ltr'>‘Sardinen</span> 
     </span>
     <span class='ocr_line' id='line_1_27' title="bbox 112 3487 1370 3565; baseline 0.002 -20"><span class='ocrx_word' id='word_1_214' title='bbox 112 3563 114 3565; x_wconf 12' lang='grc' dir='ltr'><strong><em>ι</em></strong></span> <span class='ocrx_word' id='word_1_215' title='bbox 159 3506 220 3546; x_wconf 89' lang='lat' dir='ltr'>sem</span> <span class='ocrx_word' id='word_1_216' title='bbox 241 3489 371 3549; x_wconf 79' lang='lat' dir='ltr'>terram&#39;.</span> <span class='ocrx_word' id='word_1_217' title='bbox 403 3498 433 3549; x_wconf 91' lang='lat' dir='ltr'>at</span> <span class='ocrx_word' id='word_1_218' title='bbox 454 3490 586 3550; x_wconf 89' lang='lat' dir='ltr'>Licinius</span> <span class='ocrx_word' id='word_1_219' title='bbox 603 3491 639 3549; x_wconf 92' lang='lat' dir='ltr'>de</span> <span class='ocrx_word' id='word_1_220' title='bbox 653 3490 841 3564; x_wconf 84' lang='lat' dir='ltr'>Hermogene</span> <span class='ocrx_word' id='word_1_221' title='bbox 858 3487 983 3564; x_wconf 89' lang='lat' dir='ltr'>loquens</span> <span class='ocrx_word' id='word_1_222' title='bbox 999 3487 1098 3546; x_wconf 87' lang='lat' dir='ltr'>‘Sardi</span> <span class='ocrx_word' id='word_1_223' title='bbox 1113 3489 1224 3564; x_wconf 83' lang='lat' dir='ltr'>Tigelli</span> <span class='ocrx_word' id='word_1_224' title='bbox 1238 3489 1370 3565; x_wconf 88' lang='lat' dir='ltr'>putidum</span> 
     </span>
     <span class='ocr_line' id='line_1_28' title="bbox 158 3581 1371 3660; baseline 0.003 -21"><span class='ocrx_word' id='word_1_225' title='bbox 158 3589 249 3658; x_wconf 89' lang='lat' dir='ltr'>capnt</span> <span class='ocrx_word' id='word_1_226' title='bbox 268 3582 368 3643; x_wconf 87' lang='lat' dir='ltr'>venit&#39;.</span> <span class='ocrx_word' id='word_1_227' title='bbox 400 3603 459 3643; x_wconf 92' lang='lat' dir='ltr'>non</span> <span class='ocrx_word' id='word_1_228' title='bbox 480 3585 551 3643; x_wconf 92' lang='lat' dir='ltr'>nulli</span> <span class='ocrx_word' id='word_1_229' title='bbox 566 3589 663 3643; x_wconf 90' lang='lat' dir='ltr'>tamen</span> <span class='ocrx_word' id='word_1_230' title='bbox 678 3590 808 3642; x_wconf 85' lang='lat' dir='ltr'>veterum</span> <span class='ocrx_word' id='word_1_231' title='bbox 823 3581 1080 3657; x_wconf 80' lang='lat' dir='ltr'>grammaticorum</span> <span class='ocrx_word' id='word_1_232' title='bbox 1097 3583 1138 3642; x_wconf 91' lang='lat' dir='ltr'>sic</span> <span class='ocrx_word' id='word_1_233' title='bbox 1153 3583 1371 3660; x_wconf 84' lang='lat' dir='ltr'>appellationes</span> 
     </span>
     <span class='ocr_line' id='line_1_29' title="bbox 156 3674 1369 3754; baseline 0.003 -19"><span class='ocrx_word' id='word_1_234' title='bbox 156 3676 211 3735; x_wconf 88' lang='lat' dir='ltr'>has</span> <span class='ocrx_word' id='word_1_235' title='bbox 232 3676 403 3752; x_wconf 84' lang='lat' dir='ltr'>diviserunt,</span> <span class='ocrx_word' id='word_1_236' title='bbox 425 3685 457 3737; x_wconf 87' lang='lat' dir='ltr'>ut</span> <span class='ocrx_word' id='word_1_237' title='bbox 474 3676 599 3739; x_wconf 86' lang='lat' dir='ltr'>Sardum</span> <span class='ocrx_word' id='word_1_238' title='bbox 619 3683 759 3754; x_wconf 85' lang='lat' dir='ltr'>putarent</span> <span class='ocrx_word' id='word_1_239' title='bbox 780 3676 839 3736; x_wconf 88' lang='lat' dir='ltr'>dici</span> <span class='ocrx_word' id='word_1_240' title='bbox 859 3674 910 3752; x_wconf 82' lang='lat' dir='ltr'>qni</span> <span class='ocrx_word' id='word_1_241' title='bbox 930 3675 959 3735; x_wconf 92' lang='lat' dir='ltr'>in</span> <span class='ocrx_word' id='word_1_242' title='bbox 974 3675 1115 3738; x_wconf 88' lang='lat' dir='ltr'>Sardinia</span> <span class='ocrx_word' id='word_1_243' title='bbox 1131 3686 1217 3738; x_wconf 87' lang='lat' dir='ltr'>natus</span> <span class='ocrx_word' id='word_1_244' title='bbox 1232 3678 1279 3752; x_wconf 88' lang='lat' dir='ltr'>sit,</span> <span class='ocrx_word' id='word_1_245' title='bbox 1301 3678 1369 3739; x_wconf 88' lang='lat' dir='ltr'>Sar·</span> 
     </span>
     <span class='ocr_line' id='line_1_30' title="bbox 157 3770 1014 3833; baseline 0.004 -4"><span class='ocrx_word' id='word_1_246' title='bbox 157 3771 310 3831; x_wconf 88' lang='lat' dir='ltr'>dinensem</span> <span class='ocrx_word' id='word_1_247' title='bbox 333 3779 431 3832; x_wconf 89' lang='lat' dir='ltr'>autem</span> <span class='ocrx_word' id='word_1_248' title='bbox 452 3772 579 3831; x_wconf 91' lang='lat' dir='ltr'>incolam</span> <span class='ocrx_word' id='word_1_249' title='bbox 602 3770 787 3833; x_wconf 85' lang='lat' dir='ltr'>Sardiniac.&#39;&#39;</span> <span class='ocrx_word' id='word_1_250' title='bbox 1011 3802 1014 3807; x_wconf 96' lang='lat'>·</span> 
     </span>
    </p>

    <p class='ocr_par' dir='ltr' id='par_1_11' title="bbox 136 3865 1450 4229">
     <span class='ocr_line' id='line_1_31' title="bbox 233 3865 1370 3945; baseline 0.003 -21"><span class='ocrx_word' id='word_1_251' title='bbox 233 3866 299 3926; x_wconf 77' lang='grc'>227.</span> <span class='ocrx_word' id='word_1_252' title='bbox 340 3865 461 3927; x_wconf 87' lang='lat' dir='ltr'>Servius</span> <span class='ocrx_word' id='word_1_253' title='bbox 488 3865 648 3927; x_wconf 81' lang='lat' dir='ltr'>Tuldensis</span> <span class='ocrx_word' id='word_1_254' title='bbox 674 3867 713 3926; x_wconf 88' lang='lat' dir='ltr'>ad</span> <span class='ocrx_word' id='word_1_255' title='bbox 739 3867 892 3927; x_wconf 89' lang='lat' dir='ltr'>Aeneidos</span> <span class='ocrx_word' id='word_1_256' title='bbox 912 3886 932 3942; x_wconf 90' lang='lat'>1,</span> <span class='ocrx_word' id='word_1_257' title='bbox 948 3865 984 3927; x_wconf 77' lang='grc'>76</span> <span class='ocrx_word' id='word_1_258' title='bbox 1004 3868 1045 3945; x_wconf 92' lang='lat' dir='ltr'>(p.</span> <span class='ocrx_word' id='word_1_259' title='bbox 1059 3870 1097 3927; x_wconf 83' lang='grc'>25</span> <span class='ocrx_word' id='word_1_260' title='bbox 1118 3867 1208 3944; x_wconf 88' lang='lat' dir='ltr'>Dan.)</span> <span class='ocrx_word' id='word_1_261' title='bbox 1235 3867 1370 3945; x_wconf 82' lang='lat' dir='ltr'>“Optare</span> 
     </span>
     <span class='ocr_line' id='line_1_32' title="bbox 155 3960 1450 4040; baseline 0.002 -23"><span class='ocrx_word' id='word_1_262' title='bbox 155 3977 213 4017; x_wconf 94' lang='lat' dir='ltr'>non</span> <span class='ocrx_word' id='word_1_263' title='bbox 238 3965 352 4020; x_wconf 86' lang='lat' dir='ltr'>tantum</span> <span class='ocrx_word' id='word_1_264' title='bbox 377 3961 487 4037; x_wconf 84' lang='lat' dir='ltr'>eligere</span> <span class='ocrx_word' id='word_1_265' title='bbox 513 3960 678 4036; x_wconf 85' lang='lat' dir='ltr'>significat,</span> <span class='ocrx_word' id='word_1_266' title='bbox 706 3966 739 4021; x_wconf 88' lang='lat' dir='ltr'>nt</span> <span class='ocrx_word' id='word_1_267' title='bbox 764 3961 835 4024; x_wconf 89' lang='lat' dir='ltr'>alibi</span> <span class='ocrx_word' id='word_1_268' title='bbox 855 3961 1039 4040; x_wconf 82' lang='lat' dir='ltr'>‘optavitque</span> <span class='ocrx_word' id='word_1_269' title='bbox 1058 3963 1155 4021; x_wconf 88' lang='lat' dir='ltr'>locum</span> <span class='ocrx_word' id='word_1_270' title='bbox 1176 3961 1290 4039; x_wconf 84' lang='lat' dir='ltr'>regno&#39;,</span> <span class='ocrx_word' id='word_1_271' title='bbox 1316 3961 1370 4019; x_wconf 88' lang='lat' dir='ltr'>sed</span> <span class='ocrx_word' id='word_1_272' title='bbox 1446 4012 1450 4020; x_wconf 84' lang='grc'><em>.</em></span> 
     </span>
     <span class='ocr_line' id='line_1_33' title="bbox 155 4054 1368 4141; baseline -0.001 -29"><span class='ocrx_word' id='word_1_273' title='bbox 155 4054 242 4114; x_wconf 88' lang='lat' dir='ltr'>etiam</span> <span class='ocrx_word' id='word_1_274' title='bbox 264 4056 350 4132; x_wconf 88' lang='lat' dir='ltr'>velle,</span> <span class='ocrx_word' id='word_1_275' title='bbox 372 4059 405 4112; x_wconf 93' lang='lat' dir='ltr'>ut</span> <span class='ocrx_word' id='word_1_276' title='bbox 426 4055 579 4132; x_wconf 89' lang='lat' dir='ltr'>hocloco,</span> <span class='ocrx_word' id='word_1_277' title='bbox 601 4055 672 4134; x_wconf 90' lang='lat' dir='ltr'>qnid</span> <span class='ocrx_word' id='word_1_278' title='bbox 693 4062 787 4133; x_wconf 88' lang='lat' dir='ltr'>optes,</span> <span class='ocrx_word' id='word_1_279' title='bbox 808 4056 878 4133; x_wconf 90' lang='lat' dir='ltr'>qnid</span> <span class='ocrx_word' id='word_1_280' title='bbox 902 4057 986 4116; x_wconf 87' lang='lat' dir='ltr'>velis.</span> <span class='ocrx_word' id='word_1_281' title='bbox 1026 4054 1159 4114; x_wconf 89' lang='lat' dir='ltr'>Lucilius</span> <span class='ocrx_word' id='word_1_282' title='bbox 1180 4055 1209 4113; x_wconf 92' lang='lat' dir='ltr'>in</span> <span class='ocrx_word' id='word_1_283' title='bbox 1230 4075 1260 4141; x_wconf 85' lang='lat' dir='ltr'>vr</span> <span class='ocrx_word' id='word_1_284' title='bbox 1282 4055 1368 4115; x_wconf 80' lang='lat' dir='ltr'>‘auro</span> 
     </span>
     <span class='ocr_line' id='line_1_34' title="bbox 136 4149 744 4229; baseline 0.002 -20"><span class='ocrx_word' id='word_1_285' title='bbox 136 4150 252 4226; x_wconf 84' lang='lat' dir='ltr'>&#39;ipsum</span> <span class='ocrx_word' id='word_1_286' title='bbox 272 4150 372 4212; x_wconf 85' lang='lat' dir='ltr'>iacere</span> <span class='ocrx_word' id='word_1_287' title='bbox 393 4150 501 4229; x_wconf 84' lang='lat' dir='ltr'>optes&#39;,</span> <span class='ocrx_word' id='word_1_288' title='bbox 522 4150 553 4211; x_wconf 93' lang='lat' dir='ltr'>id</span> <span class='ocrx_word' id='word_1_289' title='bbox 574 4158 621 4211; x_wconf 88' lang='lat' dir='ltr'>est</span> <span class='ocrx_word' id='word_1_290' title='bbox 641 4149 744 4211; x_wconf 87' lang='lat' dir='ltr'>relis.”</span> 
     </span>
    </p>

    <p class='ocr_par' dir='ltr' id='par_1_12' title="bbox 232 4243 1371 4321">
     <span class='ocr_line' id='line_1_35' title="bbox 232 4243 1371 4321; baseline 0 -17"><span class='ocrx_word' id='word_1_291' title='bbox 232 4247 298 4306; x_wconf 89' lang='grc'>228.</span> <span class='ocrx_word' id='word_1_292' title='bbox 340 4243 454 4305; x_wconf 83' lang='lat' dir='ltr'>Gellius</span> <span class='ocrx_word' id='word_1_293' title='bbox 475 4264 517 4321; x_wconf 85' lang='lat' dir='ltr'>rx,</span> <span class='ocrx_word' id='word_1_294' title='bbox 534 4246 570 4304; x_wconf 85' lang='grc'>14</span> <span class='ocrx_word' id='word_1_295' title='bbox 591 4244 649 4305; x_wconf 86' lang='lat' dir='ltr'>“In</span> <span class='ocrx_word' id='word_1_296' title='bbox 669 4263 743 4306; x_wconf 87' lang='lat' dir='ltr'>casu</span> <span class='ocrx_word' id='word_1_297' title='bbox 764 4252 864 4306; x_wconf 89' lang='lat' dir='ltr'>autem</span> <span class='ocrx_word' id='word_1_298' title='bbox 892 4244 997 4320; x_wconf 88' lang='lat' dir='ltr'>dandi,</span> <span class='ocrx_word' id='word_1_299' title='bbox 1024 4244 1073 4320; x_wconf 90' lang='lat' dir='ltr'>qui</span> <span class='ocrx_word' id='word_1_300' title='bbox 1099 4243 1254 4321; x_wconf 88' lang='lat' dir='ltr'>purissime</span> <span class='ocrx_word' id='word_1_301' title='bbox 1270 4245 1371 4320; x_wconf 51' lang='lat' dir='ltr'>¹locuti</span> 
     </span>
    </p>
   </div>
   <div class='ocr_carea' id='block_1_8' title="bbox 156 4351 355 4361">
    <p class='ocr_par' dir='ltr' id='par_1_13' title="bbox 156 4351 355 4361">
     <span class='ocr_line' id='line_1_36' title="bbox 156 4351 355 4361; baseline 0.01 -2"><span class='ocrx_word' id='word_1_302' title='bbox 156 4351 355 4361; x_wconf 77' lang='lat'><strong>———.</strong></span> 
     </span>
    </p>
   </div>
   <div class='ocr_carea' id='block_1_9' title="bbox 231 4392 1367 4474">
    <p class='ocr_par' dir='ltr' id='par_1_14' title="bbox 231 4392 1367 4474">
     <span class='ocr_line' id='line_1_37' title="bbox 231 4392 1367 4474; baseline 0.005 -22"><span class='ocrx_word' id='word_1_303' title='bbox 231 4393 297 4454; x_wconf 84' lang='lat'><strong>223.</strong></span> <span class='ocrx_word' id='word_1_304' title='bbox 338 4395 379 4453; x_wconf 84' lang='lat' dir='ltr'>ld</span> <span class='ocrx_word' id='word_1_305' title='bbox 396 4395 484 4455; x_wconf 84' lang='lat' dir='ltr'>solum</span> <span class='ocrx_word' id='word_1_306' title='bbox 503 4393 726 4458; x_wconf 86' lang='lat' dir='ltr'>IanusDousa.</span> <span class='ocrx_word' id='word_1_307' title='bbox 812 4438 816 4445; x_wconf 77' lang='lat'><em>·</em></span> <span class='ocrx_word' id='word_1_308' title='bbox 844 4393 976 4454; x_wconf 73' lang='lat' dir='ltr'>*Ocni</span> <span class='ocrx_word' id='word_1_309' title='bbox 991 4393 1140 4454; x_wconf 87' lang='lat' dir='ltr'>commin</span> <span class='ocrx_word' id='word_1_310' title='bbox 1155 4392 1367 4474; x_wconf 79' lang='lat' dir='ltr'>Lucr.p.-150.</span> 
     </span>
    </p>
   </div>
   <div class='ocr_carea' id='block_1_10' title="bbox 0 0 1526 5032">
    <p class='ocr_par' dir='ltr' id='par_1_15' title="bbox 0 0 1526 5032">
     <span class='ocr_line' id='line_1_38' title="bbox 0 0 1526 5032; baseline 0 3"><span class='ocrx_word' id='word_1_311' title='bbox 0 0 1526 5032; x_wconf 95' lang='lat' dir='ltr'> </span> 
     </span>
    </p>
   </div>
  </div>
 </body>
</html>
