3044 5032
551 307 687 363 I-XXV.
712 309 791 361 XXX

174 494 246 539 cum
269 473 403 539 manicis
427 474 532 538 555515
555 475 740 561 cellamque,
763 481 798 541 ut
820 475 998 563 fugitivum,

174 575 353 660 deportent.

175 779 327 848 servandi
351 781 492 866 Numeri,
516 801 681 849 numerum
703 790 738 849 ut
759 787 915 852 servemu’
938 788 1133 870 modumque

84 991 150 1052 1055
804 981 892 1076 ἄλγε’
919 989 1040 1079 ἔθηκεν

174 1191 347 1280 Hymnidis
369 1211 410 1258 ex
432 1143 516 1259 facie
537 1190 647 1260 florem
672 1194 841 1280 delegeris.

147 1451 232 1511 1052.
270 1447 386 1506 Nonius
405 1465 435 1524 p.
450 1449 498 1521 36,
513 1449 551 1507 25
578 1448 721 1510 “collare
744 1457 790 1511 cst
813 1451 923 1512 vinculi
946 1468 1054 1528 genus,
1082 1468 1140 1527 quo
1168 1450 1277 1511 collum
1336 1446 1339 1451 ’

69 1543 275 1619 adstringitur.
312 1542 447 1603 Lucilius
468 1543 519 1602 lib.
530 1557 606 1597 nm
623 1542 699 1603 ‘cnm
715 1589 722 1604 .
738 1589 745 1604 .
761 1589 767 1603 .
783 1563 990 1606 5555555555
1006 1591 1013 1606 .
1029 1591 1036 1606 .
1052 1591 1059 1604 .
1074 1547 1279 1606 nnronvnm'.’'

69 1638 101 1698 N
103 1638 189 1698 55155
202 1638 280 1697 hunc
302 1655 417 1697 versum
433 1638 559 1714 apponit
578 1636 655 1697 inter
667 1638 779 1699 medios
793 1657 895 1700 versus
909 1658 947 1700 ex
960 1640 1035 1700 libro
1049 1658 1114 1698 xxx
1134 1645 1276 1716 sumptos.

151 1733 234 1791 1054.
277 1730 432 1790 Charisius
453 1750 482 1808 p.
490 1733 527 1790 60
548 1730 682 1791 “Lucius
697 1734 840 1793 Aemilius
855 1780 861 1794 .
874 1780 881 1794 .
894 1781 901 1794 .
913 1733 1059 1813 [Lucilius
1080 1751 1136 1812 per
1155 1752 1242 1794 unum
1257 1732 1278 1812 i]

68 1827 239 1903 genetivum
260 1824 348 1884 scribi
369 1841 460 1901 posse
478 1825 637 1886 existimat.
668 1827 711 1886 515
731 1828 807 1889 enim
828 1827 977 1889 ‘servandi
997 1829 1108 1887 numeri
1128 1846 1278 1888 numerum

70 1927 106 1982 ut
126 1938 277 1982 servemus
299 1919 518 1996 [modumque].’
550 1939 697 1997 nunquam
718 1924 794 1982 enim
814 1923 870 1983 hoc
890 1923 1046 1998 intulisset,
1066 1922 1122 1982 nisi
1136 1931 1166 1983 et
1181 1942 1279 1984 nume·

69 2034 134 2075 rum
157 2014 343 2085 (Numerium)
365 2030 420 2090 per
438 2015 448 2071 i
467 2013 552 2073 huius
573 2013 717 2093 [Numeri]
740 2017 908 2076 faciendum
928 2016 1071 2076 crederet.
1103 2018 1230 2095 denique
1251 2025 1281 2078 et

70 2110 102 2169 in
126 2109 204 2168 libro
224 2128 271 2166 1111
297 2109 395 2183 (immo
417 2128 505 2180 neom·
531 2109 598 2168 vide
618 2130 645 2169 v.
660 2111 729 2187 315)
749 2110 869 2188 ...(155
892 2110 966 2170 haec
991 2111 1020 2168 15
1042 2111 1144 2170 codice
1170 2115 1281 2191 scripta

71 2221 139 2264 esse
170 2207 297 2263 testatur
325 2202 364 2261 H.
392 2201 508 2261 Keilius
534 2203 564 2261 in
594 2202 850 2263 observationibus
877 2203 987 2263 criticis
1013 2205 1043 2262 in
1075 2204 1221 2266 Catonem
1252 2217 1282 2268 55

70 2298 238 2357 Varronem
259 2315 288 2372 p.
301 2298 347 2355 96.
368 2298 451 2356 nucis
472 2296 578 2356 inclusi
598 2316 674 2375 quae
688 2297 784 2358 recise
799 2295 909 2373 sunt).'’'
985 2296 1149 2360 Caesellius
1160 2300 1283 2361 Vindex

70 2411 101 2470 p.
110 2394 187 2451 2318
209 2389 319 2465 “Quod
339 2392 436 2466 ipsum
455 2391 601 2451 Lucillius
623 2392 777 2452 annotavit
797 2409 861 2450 cnm
878 2408 1029 2451 enumero
1043 2392 1201 2454 Numerius
1222 2395 1280 2456 dis·

73 2485 231 2549 cerneret.”
305 2484 393 2543 Beda
412 2484 524 2561 52303
546 2485 632 2546 “Ν151
649 2489 723 2547 15555
739 2486 871 2562 regulam
886 2485 994 2546 Lucilii
1019 2487 1113 2547 secuti
1134 2492 1214 2564 sunt,
1232 2491 1283 2568 qui

72 2585 213 2643 Lucilium
233 2583 264 2638 et
276 2578 443 2654 Aemilium,
464 2586 494 2639 55
514 2587 613 2640 555555
634 2582 753 2641 nominc
772 2599 848 2658 quae
862 2581 872 2639 i
886 2586 955 2640 5555
975 2601 994 2640 5
1013 2581 1134 2656 habent
1156 2601 1214 2642 non
1236 2602 1281 2644 so·

72 2677 182 2738 lumin
211 2673 349 2733 vocativo
370 2673 422 2731 sed
443 2680 473 2732 ct
493 2674 523 2733 in
543 2676 673 2750 genitivo
695 2692 767 2735 casu
787 2693 842 2752 per
862 2693 949 2733 unum
970 2675 980 2731 1
1002 2675 1091 2734 scribi
1111 2692 1201 2750 posse
1223 2677 1282 2736 exi·

77 2769 231 2832 stimavit.”
311 2768 426 2841 (5-555,
449 2774 478 2827 55
498 2769 541 2828 515
562 2785 678 2845 semper
697 2786 789 2844 usque
811 2768 851 2828 ad
870 2789 896 2828 v.
912 2766 1008 2843 1015.)

151 2865 235 2924 1055.
276 2860 396 2920 Servius
418 2860 456 2919 ad
477 2863 628 2921 Aeneidos
642 2881 674 2933 rr,
690 2863 745 2920 623
768 2861 882 2939 ‘meque
902 2862 959 2921 hoo
979 2861 1021 2920 155
1041 2876 1151 2937 ponere
1172 2860 1282 2920 sentis’

74 2959 226 3032 “Poncrc,
247 2957 344 3016 facere
365 2956 427 3030 vel,
453 2962 486 3013 ut
506 2956 625 3033 quidem
647 2956 759 3029 volunt,
782 2957 962 3017 constituere
983 2961 1013 3013 et
1033 2953 1201 3013 decernere.
1229 2999 1282 3015 ...

75 3072 145 3115 sane
167 3070 278 3130 ponere
299 3054 414 3124 facere,
440 3051 517 3110 sicut
537 3049 671 3109 Lucilius
692 3049 852 3110 Homerum
874 3054 992 3111 secutus
1013 3047 1055 3106 515
1075 3037 1140 3124 dly'
1162 3044 1281 3124 ἔθηκεν,

75 3148 105 3207 id
125 3155 172 3208 est
192 3147 288 3206 fecit.'’

149 3243 232 3301 1056.
272 3241 409 3300 Donatus
430 3239 468 3298 ad
490 3237 625 3297 Terentii
645 3238 820 3298 Eunuchum
833 3239 907 3312 rv,4
926 3255 955 3313 p.
974 3238 1028 3296 162
1049 3234 1166 3310 “Quem
1188 3242 1220 3294 tu
1241 3234 1281 3294 vi·

76 3335 144 3394 dere
167 3352 235 3394 vero
257 3334 363 3408 velles,
385 3333 542 3393 Phaedria.
570 3330 773 3390 ..Lucilius
794 3332 825 3389 in
847 3337 947 3406 satyro
966 3341 998 3387 at
1017 3329 1186 3405 (legendum
1211 3334 1282 3405 puto

75 3430 125 3505 55)
147 3427 302 3504 ‘hymnidis
324 3428 389 3504 (sic,
408 3432 440 3484 15
458 3435 555 3501 satyro
575 3425 749 3502 ethymoidio,
770 3423 867 3482 codex
888 3420 1128 3495 Lindenbrogii,'
1141 3421 1190 3497 qui
1209 3420 1284 3479 hacc

78 3522 177 3595 addit,
201 3521 239 3580 ‘in
260 3522 338 3581 Pith.
353 3520 418 3580 cod.
434 3520 608 3578 adnotatum
630 3521 694 3577 5555
717 3521 745 3574 io
769 3517 875 3593 Satyra
895 3520 963 3574 Atti.
985 3515 1120 3592 ditipens’:
1146 3514 1214 3573 olim
1233 3514 1284 3572 im·

76 3617 174 3693 pressi
195 3621 225 3674 io
244 3627 313 3692 carp.
328 3615 476 3673 Atticoidi
488 3613 574 3688 sacer)
595 3629 631 3670 ex
652 3612 727 3672 fecie
742 3609 843 3670 florem
863 3609 945 3688 (olim
959 3609 1096 3686 impressi
1109 3609 1217 3685 partim
1232 3608 1284 3682 sic,

74 3711 182 3788 partim
203 3729 235 3769 55
247 3713 274 3785 f.
283 3708 330 3786 fl.)
352 3706 536 3784 delegeris’.”
859 3711 861 3716 ’

154 3963 238 4021 1052.
279 3960 430 4035 collarique
451 3957 563 4016 lunius.

156 4040 239 4097 1054.
278 4038 440 4111 modumque
461 4036 553 4094 15555
575 4033 688 4091 Dousa.
761 4029 848 4089 Haec
866 4036 898 4089 ut
918 4036 998 4091 recte
1018 4029 1236 4104 intellegentur,
1256 4024 1285 4086 15

75 4116 236 4174 55551555
259 4115 435 4172 sententiam
460 4109 630 4186 supplenda
656 4113 733 4166 sunt.
768 4107 906 4166 ‘mortecto
925 4110 1064 4170 Sercoudi
1084 4105 1215 4176 Numeri’,
1237 4124 1286 4163 55-

77 4212 181 4250 merom
200 4201 232 4248 ut
250 4190 378 4248 seroeroo'
397 4192 569 4263 5555555555,
591 4184 722 4243 Dicimu':
747 4186 822 4260 quod
840 4189 864 4242 ei
879 4185 935 4243 5115
952 4195 1038 4259 pacto
1053 4203 1149 4242 nornen
1158 4193 1285 4257 paterere-

78 4279 123 4327 555
140 4271 248 4336 Vereor,
269 4270 394 4324 5115555555
415 4267 588 4322 ‘seruandum
609 4273 663 4319 tute
681 4261 828 4318 memento!
913 4261 1025 4320 *Confi
1038 4262 1182 4319 55555515
1196 4259 1284 4317 Lucr.

77 4363 105 4421 p.
122 4348 188 4403 329.
