3044 5032
149 297 212 367 102
714 301 793 350 XXX
855 354 860 363 .

256 474 410 550 quantum
431 467 561 535 haurire
582 468 708 534 animus
730 485 895 533 musarum
917 485 936 531 e
958 460 1089 534 fontibu’
1113 468 1220 551 gestit.

107 723 111 731 .
256 640 345 706 cuius
368 638 458 706 vultu
480 658 519 705 ac
541 638 635 724 facie,
658 637 735 703 ludo
758 656 796 703 ac
819 636 1011 704 sermonibu’
1033 639 1161 723 nostris,

166 749 215 810 935
256 741 393 826 virginis
416 740 477 807 hoc
498 740 635 826 pretium
657 744 754 825 atque
776 740 860 807 hunc
882 740 1097 809 reddebamus
1119 741 1284 808 honorem.

257 918 369 980 contra
391 913 472 979 baec
492 910 648 978 invitasse
671 918 727 978 aut
747 913 921 997 instigasse
943 911 1102 980 ridentur.

256 1083 336 1151 scito
361 1083 478 1151 etenim
497 1083 579 1150 bene
601 1084 787 1168 longincum
808 1084 989 1151 mortalibu‘
1013 1083 1159 1150 morbum

256 1187 292 1253 in
315 1186 391 1254 vino
414 1205 496 1272 esse,
520 1185 575 1256 ubi
598 1187 653 1270 qui
674 1185 826 1253 invitavit
848 1186 1006 1272 dapsilius
1030 1207 1075 1254 se.

256 1364 292 1425 ut
314 1360 412 1424 semel
434 1358 469 1424 in
491 1357 582 1426 Caeli
603 1375 730 1443 pugnas
751 1363 783 1425 te
805 1357 960 1427 invadere
981 1358 1049 1425 vidi

171 1538 224 1599 949
261 1537 293 1597 et
314 1551 375 1596 sua
395 1528 575 1615 perciperet
595 1535 680 1596 retro
701 1529 826 1597 rellicta
847 1529 964 1614 iacere,

258 1700 436 1785 improbior
458 1700 558 1765 multo
580 1719 678 1783 quam
700 1700 741 1766 de
764 1722 827 1785 quo
852 1699 991 1767 diximus
1013 1707 1096 1786 ante,

260 1808 380 1887 quanto
402 1801 551 1867 blandior
573 1800 664 1887 haec,
687 1808 776 1870 tanto
798 1803 1011 1870 vehementiu’
1034 1804 1168 1871 mordet.

576 1993 680 2058 nequo
703 1972 838 2040 barbam
862 1973 1035 2041 immiseris
1057 1975 1151 2041 istam

227 2167 293 2224 933.
333 2162 450 2222 Nonius
470 2159 601 2238 parto
623 2161 763 2223 “Gestirc
778 2166 826 2222 est
840 2181 958 2241 cupere.
983 2163 1117 2223 Lucillus
1132 2164 1254 2223 libxxx
1268 2162 1368 2240 ‘quoa-

151 2272 179 2320 to
194 2302 200 2317 .
252 2256 378 2334 gestit’.''
457 2255 542 2315 Idem
562 2257 665 2333 p.3l9‚
677 2259 713 2316 16
733 2255 880 2315 “Haurire
903 2257 1055 2334 significat
1068 2258 1225 2317 exhaurire
1245 2257 1294 2316 vel
1315 2259 1369 2316 im-

151 2355 241 2431 plere.
323 2351 459 2410 Lucilius
481 2351 533 2411 lib.
544 2370 609 2408 xxx
630 2351 783 2427 ‘quantum
803 2349 920 2411 haurire
941 2356 1050 2412 caimos
1070 2369 1218 2412 musarum
1239 2354 1371 2427 etsontio

152 2446 281 2522 gestir’.²’

230 2541 295 2599 934.
336 2537 454 2598 Nonius
474 2557 505 2616 p.
517 2540 583 2613 329,
598 2541 635 2597 22
658 2538 795 2611 “Hauon
819 2539 990 2616 praemium.
1016 2589 1021 2601 .
1039 2589 1044 2601 .
1060 2587 1067 2600 .
1084 2541 1220 2601 Lucilius
1234 2541 1288 2600 lib.
1303 2561 1372 2600 xxx

153 2635 246 2694 ‘cuius
266 2632 534 2693 ...reddebamus
561 2631 722 2708 (reddamus
746 2651 847 2694 omnes
875 2641 942 2694 anto
963 2635 1167 2695 Basileensem
1193 2635 1370 2714 editionem)

151 2727 328 2788 bonorem'.”
406 2726 493 2786 Idem
512 2745 541 2804 p.
555 2728 622 2803 366,
638 2730 654 2787 8
677 2726 833 2788 “Pretium
853 2748 908 2806 pro
930 2730 1070 2806 praemio.
1159 2729 1293 2790 Lucilius
1314 2732 1368 2791 lib.

152 2843 217 2882 xxx
239 2821 332 2882 ‘cuius
348 2821 478 2881 ...ledis
498 2840 533 2883 ac
550 2824 745 2883 ...reddimus
764 2817 942 2884 bonoren’l’
990 2887 992 2893 ,

33 2913 39 2925 ’
159 2945 161 2949 v
230 2919 295 2976 936.
335 2916 452 2976 Nonius
473 2918 602 2994 p.321,5
624 2917 777 2976 “Invitare
797 2926 930 2996 apertam
948 2916 1292 2992 babetsiguifieantiam.

155 3011 293 3072 Lucilius
313 3011 364 3071 lib.
378 3030 443 3068 xxx
463 3010 578 3072 ‘contra
593 3056 600 3070 .
613 3056 620 3071 .
632 3058 639 3071 .
653 3011 824 3073 videntur'.'’

207 3131 209 3135 ·
234 3102 300 3164 937.
341 3104 457 3165 Nonius
478 3125 508 3183 p.
523 3108 589 3181 321,
607 3109 645 3168 26
669 3106 821 3166 “Invitam
846 3105 995 3182 siguificat
1014 3106 1132 3183 repleri.
1229 3108 1370 3170 Lucilius

154 3200 205 3259 lib.
221 3219 285 3256 xxx
306 3198 389 3256 ‘creo
412 3199 478 3274 (cito
499 3200 672 3278 Leideusis)
693 3220 772 3258 Bursa
793 3219 871 3258 nuru
892 3201 1061 3277 longincum
1076 3248 1082 3261 .
1096 3247 1103 3260 .
1116 3246 1122 3260 .
1135 3201 1203 3260 se'.’'

232 3297 297 3355 939.
338 3295 454 3355 Nouius
473 3315 503 3373 p.
511 3297 578 3371 323,
588 3298 624 3357 31
648 3295 815 3357 “Incedere
829 3301 876 3355 cst
895 3300 1070 3372 appetenter
1082 3295 1222 3370 incipere.
1306 3300 1369 3357 Lu·

157 3389 241 3449 cilius
261 3391 312 3450 lib.
329 3408 394 3446 xxx
415 3389 457 3449 ‘ut
472 3435 479 3448 .
492 3436 498 3450 .
512 3390 626 3452 ‚ridi’.'’
977 3404 980 3410 ‘

232 3484 297 3543 949.
336 3483 452 3543 Nonius
471 3503 500 3563 p.
510 3487 576 3560 326,
587 3487 625 3544 32
646 3484 760 3560 “Iacet,
781 3484 892 3559 sordet,
914 3483 1063 3544 neoleotus
1085 3490 1139 3544 est.
1164 3485 1300 3546 Lucilius
1314 3487 1367 3548 lib.

153 3597 217 3635 xxx
238 3577 279 3637 ‘et
298 3596 353 3638 sua
373 3596 548 3637 rnacrnsrra
569 3586 649 3640 retro
668 3583 768 3639 relicta
787 3580 920 3640 iacere'.''
1089 3596 1093 3602 ’

221 3671 296 3731 941.
336 3670 453 3732 Nonius
472 3691 501 3751 p.
511 3670 577 3750 327,
588 3677 622 3734 11
641 3674 843 3752 “Improbum
858 3690 987 3734 saevum.
1051 3678 1082 3732 ct
1094 3671 1229 3732 Lucilius
1243 3673 1368 3743 libxxx

154 3765 325 3842 ‘improbior
341 3813 346 3826 .
360 3809 366 3822 .
380 3811 387 3825 .
399 3765 550 3829 mordet'.’'

230 3860 296 3919 943.
336 3861 453 3920 Nonius
473 3880 502 3938 p.
512 3863 608 3934 aaut
629 3861 822 3938 “Immittere,
844 3862 989 3922 dimittere
1011 3861 1051 3924 ad
1069 3862 1280 3940 prolixitatem.
1305 3863 1367 3924 Lu·

143 3953 238 4014 cilius
260 3954 310 4014 lib.
324 3973 391 4013 xxx
411 3954 517 4032 ‘neque
530 4001 538 4015 .
550 4000 557 4017 .
571 3955 710 4016 ‚istam’.''
1255 3991 1261 3998 ·

231 4120 297 4178 934.
319 4118 435 4178 *Ocni
450 4118 600 4178 commin
623 4120 713 4180 Lucr.
734 4139 764 4198 p.
780 4121 826 4180 26.
881 4166 883 4171 .
994 4163 997 4168 -

230 4196 296 4256 933.
339 4195 479 4256 Correxit
498 4197 640 4256 Muretus.

228 4275 293 4332 939.
334 4273 426 4334 Ianus
446 4274 552 4333 Dousa
569 4278 599 4333 in
620 4274 697 4336 Caeli
711 4296 829 4354 paones.

230 4352 295 4410 949.
330 4356 487 4430 paupert
505 4351 618 4413 Iunius,
