3044 5032
281 287 302 351 2
878 291 892 340 Ι

336 473 351 530 5
392 459 509 526 vellem
530 457 666 523 coneilio
689 463 840 543 restrum,
862 458 951 542 quod
973 458 1078 527 dicitis
1102 461 1188 545 olim,

388 562 561 628 caelicolae
585 610 761 631 ............
786 561 991 628 adfuissemu’
1016 563 1123 648 priore

387 664 532 732 coneilio.
983 660 985 664 ⁴

389 856 452 921 quo
475 837 631 923 populum
654 837 760 920 adque
782 836 893 903 urbem
915 843 1010 924 paeto
1032 857 1164 904 servare
1185 837 1321 923 potisset
1437 862 1453 887 ·

386 941 516 1025 ampliu'
540 942 730 1006 Romanam.

247 1181 248 1184 ,
320 1123 350 1182 1⁰
393 1112 420 1177 si
443 1131 507 1177 non
530 1112 679 1197 amplius,
703 1111 745 1177 ad
767 1112 901 1177 lustrum
923 1110 983 1177 hoc
1004 1112 1191 1198 protolleret
1213 1134 1312 1178 unum

323 1283 343 1324 *
388 1282 433 1347 ‘ut
454 1302 548 1349 nemo
572 1284 615 1350 sit
637 1293 779 1351 nostrum
802 1285 880 1368 quin
901 1288 993 1369 pater
1016 1285 1144 1369 optimu’
1171 1285 1281 1351 divum

389 1390 445 1450 aut
461 1388 621 1473 Neptuuu'
644 1393 746 1472 pater,
769 1387 874 1471 Liber,
898 1386 1047 1453 Saturnu’
1071 1393 1172 1473 pater,
1195 1387 1292 1472 Mars,

387 1488 487 1573 Ianu’,
512 1489 653 1568 Quirinu’
678 1497 770 1575 pater
792 1509 910 1557 nomen
932 1489 1058 1555 dicatur
1080 1491 1123 1555 ad
1146 1509 1244 1555 unum

322 1658 342 1699 *
418 1742 420 1746 .
544 1679 604 1726 nec
625 1659 653 1726 si
675 1660 866 1726 Carneaden
887 1661 993 1746 ipsum
1016 1660 1109 1726 Orcu'
1133 1662 1284 1727 remittat.

321 1844 349 1902 15
703 1795 836 1918 pulcher

280 2090 422 2166 cutionis,
448 2090 502 2149 sed
531 2093 589 2158 (sed
614 2093 672 2162 all)
701 2089 780 2166 apud
807 2090 952 2150 Lucilium
979 2089 1048 2148 ‘vau
1077 2092 1201 2151 concilio
1224 2093 1399 2171 ...priore
1423 2111 1499 2155 con·

280 2185 383 2246 cilio’.”

356 2285 382 2338 8.
423 2280 576 2362 Interpres
605 2279 788 2338 Veronensis
814 2279 969 2337 Aeneidos
989 2299 1047 2355 xu,
1074 2281 1130 2340 680
1163 2279 1191 2341 ‘'.
1212 2281 1329 2358 ..ique
1356 2284 1497 2362 amplius,

279 2373 311 2431 id
328 2381 374 2432 est
389 2373 507 2448 diutius,
528 2373 656 2432 ulterius.
687 2372 782 2431 Lucil.
798 2372 867 2449 ‘qno
887 2374 1030 2449 populum
1104 2384 1206 2449 pactos
1226 2394 1345 2436 serrare
1366 2379 1498 2453 petisset

197 2529 201 2535 ,
280 2469 437 2544 ..plius.’'
543 2467 698 2527 Charisius
719 2487 749 2544 p.
769 2471 824 2528 176
850 2467 1018 2544 “Amplius
1040 2467 1175 2527 Lucilius
1205 2478 1371 2531 saturarum
1391 2493 1401 2529 ι
1422 2473 1496 2550 'quo

273 2575 388 2639 pactam
408 2563 549 2640 populum
570 2567 660 2639 atque
680 2564 781 2622 urbem
804 2579 923 2622 servare
938 2567 1052 2637 peracit
1072 2563 1198 2638 amplius
1219 2567 1407 2627 romanam'.'’

356 2662 400 2718 10.
441 2657 556 2716 Nonius
577 2676 606 2733 p.
619 2659 683 2732 159,
698 2659 734 2716 22
756 2653 943 2715 “Protollere
961 2664 1007 2716 est
1021 2657 1147 2716 differre.
1178 2658 1312 2720 Lucilius
1327 2669 1496 2737 satyrarum

277 2753 354 2812 lib.1
375 2752 411 2812 ‘si
500 2752 538 2810 ad
559 2770 697 2810 rusrnnu
785 2750 907 2810 unnm'.”
1268 2748 1269 2751 ’

356 2849 400 2907 11.
440 2846 618 2907 Lactantius
643 2847 735 2909 instit.
751 2866 791 2922 iv,
809 2848 837 2921 3,
858 2848 893 2905 12
915 2844 1043 2922 “Itaque
1065 2854 1095 2905 et
1109 2847 1247 2924 Iuppiter
1267 2849 1495 2926 aprecantibus

276 2947 363 3018 pater
378 2947 500 2999 vocatur
511 2949 541 3000 et
556 2939 701 3001 Saturnus
718 2946 748 3000 et
758 2940 850 2999 Ianus
864 2947 894 2999 et
904 2939 997 2999 Liber
1010 2947 1041 3000 et
1056 2941 1145 3000 celeri
1160 2943 1312 3019 deinceps,
1333 2943 1415 3020 qnod
1432 2945 1495 3003 Lu-

277 3035 361 3093 cilius
376 3034 406 3092 in
422 3034 543 3092 deornm
558 3035 683 3094 concilio
698 3033 814 3093 irridet:
836 3034 878 3093 ‘nt
893 3053 978 3094 nemo
992 3036 1031 3095 sit
1043 3041 1175 3095 nostrum
1186 3037 1256 3114 quin
1266 3044 1352 3112 pater
1363 3039 1495 3114 optimus

278 3128 374 3188 divum
396 3136 447 3189 ant
466 3129 623 3206 Neptunus
713 3129 852 3203 Quirinus
874 3136 960 3207 pater
981 3147 1086 3189 nornen
1109 3130 1226 3190 dicatur
1246 3131 1284 3190 ad
1304 3132 1428 3190 anum’.'’

356 3227 401 3284 14.
442 3224 620 3285 Lactantius
647 3224 738 3283 instit.
758 3244 793 3299 v,
816 3227 865 3300 14,
891 3226 908 3282 3
937 3223 1148 3302 “CarneadeS,
1175 3226 1363 3285 academicae
1391 3231 1494 3286 sectae

275 3318 481 3396 philosophus
503 3319 584 3379 cuius
606 3320 636 3378 in
657 3317 832 3378 disserendo
847 3336 923 3395 quae
938 3319 982 3378 vis
999 3321 1095 3391 fuerit,
1117 3337 1193 3397 qnae
1210 3318 1389 3396 eloquentia,
1410 3320 1495 3395 quod

275 3431 414 3489 acumen,
443 3415 493 3491 qni
513 3415 609 3474 nescit
629 3413 740 3490 ipsum,
764 3431 802 3471 ex
823 3412 1045 3488 praedicatione
1069 3414 1224 3474 Ciceronis
1246 3415 1414 3489 intelleget,
1441 3420 1496 3472 aut

274 3508 392 3584 Lucilli,
413 3508 492 3586 apud
514 3527 602 3586 quem
622 3508 774 3567 disserens
793 3507 952 3583 Neptunus
974 3509 1011 3568 de
1032 3527 1064 3568 re
1086 3509 1260 3570 difficillima
1281 3508 1412 3568 ostendit
1431 3525 1493 3565 non

274 3620 365 3679 posse
384 3602 416 3661 id
436 3602 590 3679 explicari,
611 3601 675 3661 ‘nec
697 3603 721 3662 si
808 3603 974 3664 remittat'.'’

353 3699 398 3756 15.
438 3696 559 3758 Servius
590 3697 630 3756 ad
661 3696 814 3757 Aeneidos
836 3715 884 3773 ιιι,
911 3700 966 3757 119
993 3697 1055 3758 “Ilt
1073 3699 1200 3777 quidem
1229 3699 1354 3776 pulcher
1377 3697 1493 3772 Apollo

154 3839 156 3843 .
274 3791 426 3868 epitheton
452 3790 553 3850 datum
579 3791 716 3868 Apollini
747 3791 980 3869 reprehendunt:
1010 3793 1162 3870 pulchros
1194 3794 1270 3852 enirn
1297 3811 1314 3852 a
1341 3792 1493 3850 veteribus

274 3886 424 3945 exsoletos
446 3884 552 3944 dictos.
574 3903 640 3943 nam
661 3892 692 3944 et
711 3885 793 3962 apud
807 3887 955 3945 Lucilium
970 3889 1081 3963 Apollo
1102 3887 1227 3965 pulcher
1247 3888 1306 3947 dici
1327 3905 1384 3945 non
1402 3886 1493 3944 rult.''

350 4052 377 4108 5.
425 4049 529 4108 Vellera
549 4051 665 4108 concillo
690 4048 782 4108 Ianua
802 4049 914 4109 Dousa.
949 4051 1027 4111 idem
1048 4053 1220 4124 Caelicolae,
1239 4053 1348 4122 callem,
1367 4053 1493 4125 taquam,

273 4126 464 4202 adjuvissema’
480 4131 586 4204 priore.
621 4126 718 4185 malim
744 4130 819 4204 qaod
839 4129 930 4187 dicitis
950 4132 1029 4202 olim,
1055 4130 1224 4202 Caelicolae,
1244 4134 1371 4206 factam,
1396 4128 1492 4186 uellem

273 4203 449 4280 adfuissaaa'
464 4210 564 4280 priore
587 4205 717 4265 Concilio

331 4284 377 4341 10.
419 4283 530 4341 luseram
550 4282 656 4342 Aldus

333 4360 377 4420 13.
420 4359 512 4418 Ianus
534 4360 640 4420 Dousa
662 4378 753 4418 omnes
774 4362 898 4419 dicamur
919 4363 959 4419 ad
977 4380 1067 4422 anam.
