3044 5032
637 317 729 368 xxm
1245 314 1284 378 61

185 483 227 551 ab
250 504 290 550 eo
312 486 411 553 risum
433 493 585 569 magnum
608 485 686 569 agit,
710 483 897 551 cachinnum
920 484 1095 571 inprudens
1119 487 1243 554 subicit.

435 678 471 736 ut
493 670 521 735 si
543 670 681 737 eluviem
703 672 810 740 facere
832 693 891 759 per
912 676 1056 739 ventrem
1077 672 1168 758 velis,

186 793 264 840 cura
284 793 325 839 ne
349 774 495 840 omnibus
518 773 657 839 distento
680 794 815 860 corpore
837 776 963 860 expiret
984 775 1055 841 viis.

95 970 147 1030 040
186 959 319 1026 “ardum
334 960 547 1026 miserrimum
562 966 659 1045 atque
674 960 787 1028 infelix
803 963 940 1045 lignum:
960 962 1145 1029 sambucum
1160 968 1287 1030 vocant.

185 1135 237 1213 “di
258 1147 418 1214 mouerint
438 1146 574 1212 meliora
595 1154 691 1230 atque
714 1149 887 1215 amentiam
909 1150 1169 1216 averruncassint
1189 1156 1285 1218 tuam

184 1340 220 1399 ut
240 1353 303 1417 ego
326 1334 479 1417 effugiam
501 1335 587 1417 quod
609 1341 640 1400 te
662 1335 696 1398 in
718 1334 831 1418 primis
855 1355 972 1419 cupere
994 1334 1097 1419 apisci
1122 1336 1285 1420 intellego,

185 1527 217 1586 et
238 1521 325 1603 qued
347 1520 404 1586 tibi
420 1540 538 1604 magno
557 1541 654 1606 opere
670 1520 761 1588 cordi
776 1527 834 1606 est,
857 1521 935 1586 mihi
951 1527 1114 1588 vementer
1128 1519 1287 1608 displicet.

185 1708 244 1776 tibi
266 1727 362 1791 porro
384 1709 485 1774 istaec
507 1728 559 1774 res
581 1709 700 1775 idcirco
725 1715 773 1774 est
797 1707 896 1792 cordi,
920 1708 1008 1790 quod
1029 1728 1099 1774 rere
1121 1709 1239 1776 utilem.

95 1899 146 1958 545
183 1895 314 1960 summis
337 1895 439 1961 nitere
462 1896 587 1981 opibus,
611 1901 645 1960 at
667 1913 728 1977 ego
751 1900 862 1959 contra
884 1900 918 1958 ut
941 1893 1106 1961 dissimilis
1128 1896 1217 1961 siem.

158 2100 224 2158 538.
264 2099 380 2159 Nonius
401 2118 430 2175 p.
445 2102 492 2171 38,
506 2102 543 2158 28
565 2097 732 2174 “Expirere
747 2099 882 2157 ...idom
904 2115 977 2154 xxvi
998 2097 1039 2156 ‘ut
1060 2099 1084 2155 si
1105 2100 1228 2157 eluviem
1244 2146 1287 2160 ...

80 2209 203 2250 cuneus
220 2196 356 2253 omnibus
371 2239 378 2251 .
429 2194 545 2268 expiret
564 2193 647 2250 vrs’.’'
726 2193 809 2252 Idem
831 2210 859 2268 p.
874 2193 937 2265 103,
952 2194 989 2249 32
1010 2191 1160 2262 “Eleatem
1180 2211 1289 2269 purga·

83 2285 202 2346 tionem.
233 2287 367 2346 Lucilius
387 2287 437 2345 lib.
452 2305 524 2343 xxvi
546 2284 587 2343 ‘nt
606 2287 712 2343 eteniam
733 2286 832 2344 facere
852 2304 906 2360 per
925 2296 1032 2344 ventam
1053 2286 1160 2345 velis’.”

156 2381 221 2439 540.
261 2382 377 2441 Nonius
403 2400 432 2456 p.
448 2379 494 2454 74,
516 2381 552 2437 20
580 2378 714 2438 “Abdum
739 2398 795 2457 pro
822 2379 944 2438 aridum.
986 2380 1120 2438 Lucilius
1146 2381 1289 2442 lib.xxvr

78 2472 187 2548 (XXVII
200 2473 374 2552 Leidensis)
396 2474 509 2532 ‘ardum
525 2520 532 2532 .
546 2519 551 2531 .
564 2519 570 2532 .
582 2490 699 2529 sronnnr
718 2473 848 2532 sabaeum
869 2474 999 2532 vocrn'.”

160 2567 225 2625 541.
265 2568 381 2627 Nonius
402 2586 431 2643 p.
448 2566 493 2641 tt,
508 2569 546 2625 23
567 2565 804 2640 “Aberruncare,
826 2574 967 2627 avertere.
1000 2568 1135 2626 Lucilius
1155 2569 1203 2627 lib.
1216 2588 1289 2627 xxvr

78 2659 121 2717 ‘di
140 2679 315 2719 muniamur
335 2662 459 2720 meliora
478 2680 641 2718 susurrum
662 2662 883 2718 obarancassr'nt
902 2662 998 2718 tuam’.
1032 2662 1181 2720 Pacuvius
1201 2664 1290 2723 Medo

81 2753 214 2830 ‘possum
236 2771 292 2830 ego
313 2755 399 2813 istam
421 2755 518 2830 capite
540 2755 652 2813 cladem
674 2753 936 2812 averruncassere’.
967 2753 1010 2812 M.
1033 2753 1148 2812 Tullius
1170 2755 1206 2813 de
1227 2756 1289 2815 tini-

78 2848 136 2907 bus
161 2848 304 2906 bonorum
332 2854 362 2906 et
387 2849 528 2907 malorum
554 2848 624 2925 (hoc
652 2845 770 2923 falsum)
793 2846 832 2904 ‘di
859 2847 1024 2905 maluerunt
1050 2847 1171 2906 meliora
1200 2856 1288 2926 atque

80 2942 240 3000 amentiam
262 2942 503 3012 aberrnncassint
524 2942 653 3001 meam’.''
726 2951 729 2959 ’

160 3036 225 3094 542.
266 3035 382 3094 Nonius
397 3056 425 3113 p.
439 3034 486 3112 74,
498 3040 535 3097 29
551 3036 685 3113 “Apisci,
701 3033 835 3109 adipisci.
865 3033 999 3091 Lucilius
1019 3034 1155 3093 lib.xxv1
1177 3037 1219 3097 ‘ut
1232 3057 1289 3116 ego

80 3129 221 3203 effugiam
243 3127 375 3206 (effutiam
390 3130 560 3206 Leidensis)
581 3129 662 3205 quod
682 3128 780 3203 (addit
799 3148 847 3204 epo
863 3126 1126 3206 Guelferbytanus)
1146 3138 1175 3190 te
1190 3178 1215 3193 ..
1230 3135 1305 3202 .in·‚·

79 3222 228 3298 tellego'.”
858 3228 863 3237 “

160 3317 225 3376 543.
266 3318 330 3376 544.
371 3317 486 3376 Nonius
510 3337 539 3394 p.
553 3321 600 3393 88,
616 3321 652 3376 32
677 3314 792 3373 “Cordi
814 3317 876 3385 est,
902 3314 1025 3373 honeste
1047 3316 1171 3392 dictum,
1192 3321 1290 3379 arrimo

27 3482 34 3488 ·
82 3409 176 3468 sedet.
209 3410 343 3468 Lucilius
367 3412 507 3490 lib3xxvr
534 3410 808 3469 ‘et...cebementcr
830 3407 986 3483 displicet’.
1017 3409 1153 3487 idemque
1180 3410 1215 3469 ‘sr
1236 3414 1289 3473 tibi

81 3502 219 3578 ...quod
240 3523 278 3560 nn
299 3504 436 3564 utilem’.'’

159 3597 223 3656 545.
256 3597 372 3657 Nonius
388 3600 492 3674 pete,
505 3602 537 3656 11
554 3596 604 3656 “N
609 3597 648 3672 iri,
663 3596 767 3655 fultum
782 3613 857 3654 esse.
887 3596 1019 3654 Lucilius
1034 3597 1084 3655 lib.
1094 3616 1166 3654 xxvi
1184 3598 1290 3657 ‘suman

80 3690 203 3766 (summis
215 3691 317 3750 Iunius
331 3698 362 3750 et
371 3691 534 3767 Mereerus)
548 3696 662 3749 attinere
675 3691 732 3766 (sic
744 3689 1007 3765 Guelferbytanus:
1027 3695 1108 3750 ar'tirc
1120 3691 1290 3772 Leidensis)

81 3783 190 3859 opibus
207 3828 213 3842 .
226 3828 232 3842 .
245 3828 252 3843 .
264 3785 372 3844 siem'.”

160 3983 225 4041 539.
265 3985 317 4041 viis
337 3981 386 4039 Fr.
407 3983 519 4040 Dousa.

158 4058 224 4117 540.
264 4059 359 4134 infelix
380 4060 481 4134 lippum
502 4065 533 4116 et
551 4064 654 4114 cocant
673 4055 741 4112 olim
762 4055 908 4133 impressi.

158 4137 223 4195 541.
266 4139 307 4192 Di
329 4141 463 4194 mouerint
484 4134 609 4194 Pacuvii
630 4149 732 4189 versus
759 4134 839 4210 apud
860 4134 1026 4192 Varronem
1049 4130 1085 4187 de
1105 4131 1209 4204 lingua
1230 4133 1289 4190 La·

81 4213 144 4273 tina
163 4230 204 4268 vn
225 4231 254 4289 p.
268 4215 315 4285 81,
331 4214 368 4270 22
388 4218 418 4270 et
438 4212 519 4288 apud
540 4211 664 4269 Paulum
685 4209 760 4269 libro
777 4230 830 4267 xrx
851 4228 888 4268 ex
906 4209 998 4267 Festo
1018 4226 1046 4283 p.
1063 4208 1118 4264 160
1140 4207 1239 4282 Lind.‚
1261 4216 1291 4267 et

82 4289 202 4368 quidem
223 4290 254 4347 in
276 4288 401 4364 Chryse,
422 4295 454 4348 ut
474 4295 599 4348 testatur
619 4286 735 4345 Nonius
755 4307 784 4364 p.
800 4287 866 4360 507,
882 4288 926 4346 26.

159 4368 224 4425 544.
266 4369 341 4442 qood
358 4385 418 4424 rere
439 4366 550 4425 Iunius,
988 4377 990 4383 ’
