3044 5032
641 331 777 383 1—xxv.
802 332 882 383 XXX
1300 330 1359 394 111

152 501 240 570 *1020
262 498 424 567 sustineas
446 518 584 584 currum,
607 504 642 565 ut
663 500 757 566 bonu’
781 521 880 587 saepe
902 501 1049 586 agitator,
1073 520 1237 586 equosque

170 672 373 757 lutbwirtus,
396 670 525 756 Albine,
549 677 597 737 est
618 672 755 757 pretium
777 674 963 757 persolvere
984 693 1096 739 verum

258 774 351 859 queis
373 774 408 839 in
429 793 604 859 versamur,
628 774 720 858 queis
742 775 871 841 vivimu'
895 777 983 842 rebu'
1007 782 1145 861 potesse,

259 877 362 945 virtus
385 882 435 943 est
455 876 576 942 homini
598 877 679 943 scire
702 876 735 942 id
758 877 844 960 quod
868 898 1016 963 quaeque
1038 878 1157 945 habeat
1178 897 1239 962 res,

260 979 362 1047 virtus
384 979 469 1045 scire
491 977 613 1044 homini
635 985 755 1045 rectum
777 981 857 1047 utile
880 982 957 1066 quid
979 982 1021 1047 sit
1042 981 1220 1065 honestum,

260 1102 345 1167 quae
366 1082 453 1147 bona
474 1099 559 1165 quae
581 1082 669 1146 mala
689 1082 775 1167 item,
800 1084 877 1167 quid
898 1085 1011 1151 inutile
1032 1090 1126 1169 turpe
1147 1079 1360 1167 inhonestum,

259 1184 363 1251 virtus
385 1183 592 1270 quaerendae
614 1183 711 1250 finem
728 1200 767 1251 re
786 1186 873 1252 >scire
895 1188 1098 1272 modumque,

262 1287 363 1353 virtus
386 1273 510 1353 divitiis
532 1286 670 1371 pretium
692 1289 876 1372 persolvere
898 1311 1003 1375 posse,

261 1389 364 1455 virtus
386 1388 421 1453 id
444 1388 523 1453 dare
546 1387 632 1471 quod
654 1408 689 1454 re
711 1391 784 1475 ipsa
805 1391 939 1457 debetur
961 1393 1085 1476 honori,

260 1491 383 1558 hostem
406 1510 477 1557 esse
500 1496 596 1573 atque
616 1491 780 1556 inimicum
802 1492 967 1559 hominum
988 1513 1176 1577 morumque
1194 1494 1361 1578 malorum,

260 1600 372 1660 contra
394 1592 596 1659 defensorem
618 1592 780 1659 hominum
802 1618 989 1682 morumque
1011 1597 1176 1682 bonorum,

260 1697 468 1780 magnificare
490 1697 559 1782 hos,
583 1696 633 1762 his
656 1697 737 1763 bene
760 1700 853 1786 velle,
877 1700 928 1767 his
950 1702 1060 1768 vivere
1082 1701 1228 1777 amicum,

262 1799 431 1866 commoda
452 1804 621 1884 praeterea
643 1801 769 1885 patriae
786 1802 852 1883 ,sibi
874 1805 978 1888 prima
999 1810 1124 1890 putare,

260 1901 378 1968 deinde
400 1908 578 1990 parentum,
602 1906 696 1970 tertia
717 1904 782 1969 iam
804 1912 1028 1990 postremaque
1050 1912 1170 1972 nostra.

168 2075 252 2138 1020ὴ
263 2091 346 2137 nunc
367 2093 444 2140 vero
467 2094 488 2140 a
509 2095 604 2140 mane
627 2075 670 2140 ad
692 2083 826 2162 noctem,
850 2077 932 2143 festo
955 2082 1051 2160 atque
1068 2076 1213 2162 profesto

261 2180 347 2241 totus
369 2175 446 2241 item
468 2177 653 2261 pariterque
675 2178 729 2244 die
751 2179 953 2263 populusque
974 2184 1149 2264 patresque

261 2278 383 2345 iactare
404 2277 484 2343 indu
507 2278 577 2345 foro
600 2301 635 2346 sc
658 2300 780 2366 omnes,
805 2280 962 2347 decedere
984 2301 1152 2364 nusquam,

261 2381 316 2446 uni
340 2402 376 2448 se
398 2388 494 2465 atque
517 2382 621 2449 cidem
643 2382 750 2447 studio
774 2403 886 2449 omnes
909 2384 1027 2450 dedere
1050 2391 1081 2450 et
1104 2383 1174 2467 arti,

261 2484 363 2550 verba
385 2485 464 2549 dare
486 2490 521 2549 ut
543 2490 634 2551 caute
656 2485 789 2569 possint,
813 2506 960 2571 pugnare
983 2489 1107 2572 dolose,

261 2585 421 2652 blanditia
445 2592 576 2671 certare,
601 2587 719 2652 bonum
742 2587 894 2654 simulare
917 2592 1020 2655 virum
1043 2611 1089 2675 se,

261 2688 396 2755 insidias
419 2687 536 2773 facere,
561 2696 596 2753 ut
618 2690 645 2753 si
667 2688 776 2754 hostes
801 2692 865 2756 sint
888 2692 1035 2758 omnibus
1059 2711 1180 2757 omnes.

154 2860 187 2915 n,
199 2843 255 2918 s,1
278 2841 339 2902 “Et
353 2846 428 2905 scito
444 2845 600 2905 (lurionem
622 2844 842 2904 adulescentem
863 2847 980 2906 vonisse
995 2847 1034 2906 ad
1048 2865 1093 2905 me
1110 2847 1277 2907 salutatum.
1305 2846 1365 2905 val-

156 2935 194 2995 de
214 2937 277 2997 eius
297 2955 392 2997 sermo
414 2939 452 2998 de
466 2941 573 3000 Publio
595 2957 661 2998 cum
681 2938 739 2997 tuis
755 2940 861 2998 litteris
877 2942 1073 3015 congruebat3
1094 2941 1158 3017 ipse
1173 2958 1244 2998 vero
1258 2941 1363 2999 miran-

156 3030 224 3090 dum
244 3031 275 3089 in
294 3031 413 3091 modum
432 3032 529 3110 ‘reges
550 3034 649 3093 odisse
671 3033 851 3108 superbos'.''
892 3035 1003 3094 Confer
1015 3054 1056 3109 xr,
1070 3037 1135 3093 342.

234 3127 318 3186 1020.
359 3127 465 3187 Cicero
480 3146 526 3206 ep.
541 3128 581 3190 ad
597 3128 730 3194 Atticum
743 3131 895 3205 xrrr,2l,3
916 3128 1001 3188 “Nec
1023 3132 1070 3188 est
1090 3128 1192 3187 melius
1207 3127 1365 3204 quicquam
1443 3125 1445 3130 '

156 3236 244 3296 quam
267 3227 301 3280 ut
319 3222 454 3281 Lucullum
476 3225 614 3301 (mallus
633 3223 814 3300 Malaspina)
835 3223 994 3284 ‘sustineas
1010 3221 1254 3299 ...equosque’.’'
1288 3219 1365 3279 Oon-

156 3314 200 3374 fer
219 3313 319 3374 Acad.
336 3315 427 3394 prior.
441 3336 472 3391 rr,
485 3319 532 3392 29,
547 3319 586 3376 94
606 3317 708 3377 “Nihil
730 3336 775 3376 me
796 3318 899 3393 laedit,
919 3318 1024 3394 inquit,
1045 3335 1102 3391 ego
1123 3317 1199 3374 enim
1219 3320 1251 3372 ut
1271 3314 1364 3388 agita-

155 3413 203 3467 tor
222 3409 349 3469 callidus
369 3411 452 3487 prius
473 3428 561 3486 quam
582 3411 621 3469 ad
641 3413 728 3472 finem
749 3413 873 3489 veniam,
894 3430 987 3489 equos
1010 3411 1173 3480 sustinebo,
1196 3424 1290 3484 eoque
1305 3424 1364 3465 ma-

156 3503 213 3579 gis,
233 3503 259 3564 si
278 3505 362 3564 loeus
381 3505 418 3578 is,
439 3520 497 3580 quo
518 3505 650 3564 ferentur
669 3508 748 3583 equi,
769 3525 915 3584 praeceps
937 3507 1017 3565 erit.”

235 3599 333 3659 10202.
373 3598 550 3657 Lactantius
570 3597 660 3656 instit.
672 3619 712 3675 vr,
728 3604 789 3677 5,2
810 3601 1032 3677 “Quaecunque
1053 3602 1151 3658 autem
1170 3598 1201 3655 in
1222 3596 1365 3654 definitio·

157 3709 221 3752 nem
242 3693 358 3752 virtutis
380 3693 478 3751 solent
498 3691 606 3764 dicere,
627 3694 731 3766 paucis
752 3695 886 3755 versibus
908 3696 1022 3772 colligit
1038 3701 1068 3754 et
1086 3691 1365 3762 enarratLucilius3

156 3804 233 3864 quos
257 3789 334 3846 malo
360 3785 496 3863 equidem
522 3802 650 3862 ponere,
673 3803 710 3844 ne
731 3787 799 3848 dum
822 3792 975 3849 multorum
1002 3789 1165 3851 sententias
1187 3787 1288 3845 refello
1313 3786 1367 3843 sim

156 3883 274 3959 longior
297 3898 386 3959 quarn
406 3897 530 3940 neeesse
557 3884 617 3938 est:
638 3876 740 3940 ‘virtus
756 3885 950 3944 ...nostra’.''
991 3885 1102 3945 Confer
1124 3881 1234 3942 ibidem
1255 3899 1280 3939 c.
1295 3882 1322 3952 6,
1339 3882 1364 3938 7.

162 3977 274 4036 10.18.

235 4071 333 4129 lotch.
374 4069 552 4129 Lactantius
573 4067 664 4127 instit.
676 4086 703 4141 v,
715 4068 742 4143 9,
754 4070 790 4128 20
812 4070 895 4131 “Sed
916 4081 946 4132 et
965 4072 1098 4131 Lucilius
1119 4071 1309 4129 tenebrosam
1328 4066 1366 4126 is·

156 4170 216 4225 tam
239 4165 329 4224 vitam
351 4164 572 4240 circumscripte
592 4161 779 4237 breviterque
797 4163 933 4241 depinxit
947 4166 992 4225 his
1007 4165 1153 4226 versibus·
1164 4164 1252 4222 ‘nunc
1267 4209 1273 4222 .
1287 4209 1293 4222 .
1306 4209 1312 4222 .
1323 4170 1366 4221 to·

156 4264 205 4320 tus
225 4261 295 4320 item
316 4259 384 4335 (toro
403 4261 496 4318 itidem
516 4260 608 4318 Ianus
629 4257 744 4330 Dousa)
760 4261 953 4319 ...omnos'.”

237 4391 333 4449 lotoe
372 4389 419 4448 De
440 4389 499 4450 v.6
520 4385 621 4446 confer
641 4384 680 4477 ad
701 4403 727 4445 v.
742 4385 779 4442 33
800 4391 830 4445 ct
848 4386 905 4445 223
926 4391 956 4445 et
978 4386 1043 4446 880.
