3044 5032
636 314 694 366 1111

168 485 303 570 Samnis,
328 504 463 570 spurcus
484 482 589 570 horno,
613 484 683 550 rita
704 483 764 549 illa
787 483 895 567 dignu’
916 485 1062 566 locoque.

166 609 237 653 cum
258 587 454 654 Pacideiano
479 586 687 672 componitur,
712 586 841 673 optimu'
864 587 965 652 multo

163 698 236 776 post
256 691 402 756 homines
425 695 520 757 natos
544 688 707 771 gladiator
729 689 785 771 qui
809 686 870 753 fuit
891 708 985 754 unus.
1071 765 1077 775 ¹

76 884 124 943 mo
168 878 323 944 ‘occidam
346 879 435 944 illum
459 876 610 961 equidem
633 882 664 941 et
686 877 823 960 vincam,
848 877 877 942 si
899 875 934 941 id
957 874 1131 959 quaeritis,’
1156 873 1268 958 inquit.

167 982 288 1049 ‘verum
311 980 392 1046 illud
416 977 513 1046 credo
537 978 620 1045 lore:
643 979 678 1044 in
700 999 736 1045 os
758 980 849 1066 prius
872 978 1030 1065 accipiam
1052 977 1132 1062 ipse,

166 1105 262 1167 quarn
287 1083 432 1165 gladium
456 1082 489 1146 in
509 1083 675 1148 stomacho
699 1080 804 1147 furiae
827 1102 866 1147 ac
887 1079 1084 1168 pulmonibu’
1109 1080 1198 1146 sisto.

168 1188 224 1252 odi
246 1186 418 1270 hominem,
444 1185 544 1248 iratus
568 1205 688 1269 pugno.
733 1204 793 1250 nec
814 1185 935 1269 longiu’
959 1183 1131 1267 quicquam

167 1288 382 1372 nobisquam
406 1287 540 1351 dextrae
563 1284 708 1368 gladium
732 1284 808 1350 dum
831 1285 1056 1352 adcommodat
1078 1285 1168 1350 alter.

85 1397 130 1456 145
175 1410 277 1474 usque
300 1390 383 1456 adeo
406 1386 512 1453 studio
536 1393 634 1471 atque
658 1386 733 1452 odio
755 1387 843 1455 illius
865 1387 989 1454 ecferor
1011 1387 1079 1452 ira!

169 1589 365 1635 concursare
388 1569 421 1634 in
443 1587 541 1651 agros
565 1568 688 1633 catulos
711 1567 873 1650 fetumque
895 1567 1036 1636 ferarum

171 1757 258 1841 quod
283 1756 311 1824 si
332 1758 423 1823 nulla
444 1762 552 1845 potest
573 1757 687 1824 mulier
707 1762 775 1824 tam
797 1775 930 1844 corpore
953 1754 1034 1823 duro

63 2002 184 2078 gemuit,
206 2001 273 2078 quis
294 2001 405 2060 vultum
426 2000 551 2060 mutavit
571 1998 730 2076 umquam?
745 2047 751 2060 .
765 2046 789 2059 ..
805 2016 878 2075 ergo
897 1999 953 2058 hoe
973 1999 1083 2077 poterit
1097 1997 1214 2060 Samnis
1229 2043 1236 2058 .
1249 2044 1275 2059 ..

61 2094 226 2172 locoque‘l''
327 2092 867 2167 Ideminorator048,'161“Quin
890 2094 996 2168 etiam,
1022 2093 1103 2170 quod
1127 2093 1184 2151 iam
1207 2093 1275 2152 sub-

64 2191 208 2248 rusticum
224 2189 351 2256 videtur‚
372 2187 441 2245 olim
457 2194 553 2246 autem
568 2188 698 2265 politius,
719 2204 818 2246 eorum
833 2189 998 2263 verborum,
1016 2204 1139 2264 quorum
1154 2187 1277 2247 eaedem

64 2288 150 2341 erant
170 2287 339 2357 postremae
362 2281 438 2341 duae
457 2281 573 2340 litterae
590 2297 667 2357 quae
682 2282 792 2340 suntin
808 2293 942 2358 optumos,
956 2289 1135 2358 postremam
1148 2283 1277 2342 litteram

65 2375 279 2449 detrahebant,
307 2376 362 2434 nisi
395 2375 507 2435 vocalis
534 2376 753 2452 insequebatur.
795 2377 838 2435 ita
862 2393 921 2435 non
946 2381 1010 2435 erat
1036 2392 1072 2434 ea
1095 2376 1220 2436 offensio
1245 2379 1276 2436 in

63 2471 217 2544 versibus,
242 2488 329 2547 quam
354 2487 430 2528 nunc
451 2469 568 2544 fugiunt
587 2474 696 2545 poetae
718 2472 794 2530 novi.
835 2471 878 2529 ita
903 2470 978 2528 enim
998 2470 1200 2546 loquebamur,

65 2563 135 2623 ‘vita
156 2565 207 2623 illa
230 2563 333 2639 dignu*
352 2564 498 2641 locoque',
525 2581 584 2621 non
605 2564 739 2639 dignus.”
840 2563 1039 2638 Quintilianus
1060 2563 1127 2624 inst.
1143 2583 1184 2636 rr,
1197 2567 1224 2639 4,
1240 2567 1276 2623 38

64 2658 192 2736 “Neque
217 2659 364 2717 Lucilium
386 2664 493 2736 putant
513 2657 556 2716 uti
578 2657 681 2716 eadem
701 2659 813 2733 ultima,
833 2676 900 2717 eum
920 2657 992 2717 dicit
1012 2656 1148 2719 ‘scamus
1162 2658 1227 2720 fuit'
1243 2665 1278 2724 „el

63 2752 185 2827 'diguus
211 2754 375 2828 locoque’.''
478 2751 586 2812 Cicero
610 2752 640 2809 in
670 2753 755 2829 epist.
777 2751 815 2810 ad
837 2751 873 2824 Q.
888 2752 1009 2810 fratrem
1030 2770 1072 2821 111,
1092 2752 1119 2826 4,
1140 2754 1158 2809 2
1179 2750 1277 2811 “Cum

67 2846 237 2904 Aesernino
260 2845 394 2906 Samnite
416 2847 617 2906 Pacideianus
639 2852 828 2922 comparatus
851 2844 991 2904 viderer.’'

146 2938 229 2996 Idem
256 2940 361 2999 Cicero
388 2940 507 3000 Tuscul.
521 2961 561 3015 ιν,
576 2943 622 3015 21,
641 2941 679 2998 48
700 2938 783 2999 “Sed
808 2941 838 2998 in
864 2939 917 2997 illo
938 2956 1048 3016 genere
1069 2939 1107 2998 sit
1127 2957 1198 2999 sane
1219 2940 1278 2998 Pa-

68 3033 195 3090 cidianos
215 3034 321 3111 aliquis
342 3033 398 3093 hoe
420 3036 526 3108 auimo,
557 3041 590 3093 ut
611 3040 711 3094 narrat
737 3033 885 3109 Lucihus,
914 3031 1058 3092 ‘occidam
1079 3032 1160 3093 illum
1249 3034 1280 3092 in

68 3127 222 3186 stomacho
242 3147 329 3185 sunm
351 3147 385 3187 ao
407 3175 413 3188 .
433 3173 464 3189 ..
487 3146 542 3188 nec
568 3129 687 3204 longius
709 3130 866 3206 quicquam
891 3146 981 3185 votus
1004 3173 1059 3187 ...
1081 3118 1166 3186 ira’.'’‘

66 3220 189 3280 Servius
213 3221 251 3280 ad
271 3223 424 3282 Aeneidos
444 3243 497 3295 xrr,
511 3224 567 3280 646
589 3221 651 3280 “Et
671 3222 791 3300 quidam
810 3223 866 3283 hoe
889 3224 1011 3283 verbum
1030 3221 1279 3298 repraehenduut,

66 3334 160 3392 usque
181 3317 314 3376 adeone:
335 3316 440 3376 melius
463 3317 521 3375 dici
542 3332 636 3392 usque
657 3318 742 3376 adeo.
782 3316 915 3377 Lucilius
935 3320 1048 3392 saptiam
1076 3315 1180 3392 ‘usque
1201 3314 1280 3373 adeo

70 3409 170 3468 studio
191 3418 279 3488 atque
300 3413 370 3471 odio
392 3412 469 3469 illius
492 3409 633 3469 efferor’.''

130 3506 210 3584 4146.
251 3507 369 3565 Nonius
397 3524 426 3581 p.
448 3503 520 3577 457,
542 3503 575 3562 ll
604 3502 727 3561 “Catuli
751 3519 809 3559 non
837 3502 939 3560 solum
964 3519 1071 3561 canum
1098 3502 1280 3576 diminutive,

68 3615 167 3657 verum
194 3600 321 3657 omnium
348 3598 516 3656 animalium
540 3597 739 3675 appellantur.
827 3594 961 3655 Lucilius
986 3601 1150 3673 satyrarum
1171 3597 1281 3658 libum

69 3691 303 3750 ‘consenseras
324 3708 413 3767 agros
501 3692 651 3766 letumque
673 3687 809 3746 ranrr’l’

147 3785 210 3847 147.
252 3787 368 3846 Nonius
389 3803 418 3862 p.
433 3786 532 3859 tuas
559 3783 691 3842 “Sumen
719 3782 839 3860 proprie
862 3785 1036 3861 asagendo
1063 3784 1189 3844 dictum:
1216 3785 1282 3844 nam

69 3887 99 3940 et
120 3880 249 3940 mulieris
270 3897 424 3939 mammam
447 3896 548 3938 sumen
570 3885 685 3938 veteres
714 3877 773 3936 dici
800 3878 911 3938 volunt.
958 3879 1092 3938 Lucilius
1119 3883 1283 3954 satyrarum

70 3976 122 4033 lib.
137 3993 181 4030 1111
202 3974 293 4051 ‘quod
309 3975 334 4033 si
353 4018 398 4032 ...
413 3981 594 4034 maneatauu
610 3989 698 4032 sucus
714 3972 826 4032 lacerto
847 3980 878 4032 et
891 3992 990 4031 uanus
1004 3992 1097 4030 cunm
1113 4018 1137 4029 ..
1152 4019 1156 4029 .
1171 3969 1284 4028 sidat’.”

152 4171 217 4228 142.
256 4172 286 4227 ia
307 4169 447 4228 stomacho
462 4170 559 4244 fartae
580 4166 744 4227 Bentleius.

152 4247 215 4307 144.
258 4244 348 4305 Nobis
368 4264 420 4322 pro
443 4247 520 4304 vobis
540 4244 608 4302 olim
630 4246 723 4304 multi.
1194 4305 1202 4310 ,,

155 4325 217 4382 145.
260 4324 351 4401 Apud
374 4324 513 4383 Servium
533 4338 669 4380 numerus
691 4322 759 4380 libri
780 4323 869 4385 debet
890 4339 956 4382 esse
978 4337 1037 4393 1111,
1059 4340 1117 4380 non
1140 4337 1190 4384 arr.

76 4444 93 4463 ,.
157 4403 220 4460 146.
265 4402 434 4460 Concursum
454 4407 484 4464 et
497 4403 628 4474 feroram
648 4398 868 4466 olimhomiues
890 4401 999 4460 docti..

130 4529 153 4567 C.
176 4529 287 4566 aucun
310 4529 497 4568 sarnanum.
902 4527 907 4535 ’
1065 4494 1086 4559 2
