3044 5032
682 301 845 341 PRAEFATIO
1323 306 1369 348 vn

159 463 293 531 incertis
315 460 493 528 desiderari
515 461 667 527 videbam
690 460 831 527 aGellio
855 460 995 525 maxime
1016 458 1243 542 Macrobioquc
1266 462 1369 529 relata

160 617 353 702 fragmenta:
390 636 451 685 nec
478 621 585 682 tamen
613 622 649 680 ut
671 613 779 679 omnia
800 612 991 679 asciscerem
1015 632 1098 695 quae
1120 619 1278 698 poteram,
1309 613 1368 679 sed

159 779 192 838 ut
207 772 420 856 relinquerem
435 769 574 855 primum
590 787 639 850 ea,
662 786 745 848 quae
765 786 806 832 ne
821 769 966 852 potuisse
981 767 1112 849 quidem
1128 766 1368 833 Laehmannum

113 940 118 953 ·
156 927 262 1011 ipsum
295 930 350 990 aut
371 922 547 1007 Haupttmn
582 919 637 983 uro
672 938 757 983 anno
778 903 880 986 'cdere
908 920 1154 1004 intellegebam,
1190 920 1265 986 cern
1293 922 1368 986 oum

155 1081 304 1162 vulgata,
334 1095 419 1159 quae
441 1079 496 1138 aut
517 1091 688 1156 perperam
717 1080 824 1137 essent
846 1074 886 1138 ad
910 1074 1068 1138 Lucilium
1091 1073 1195 1138 relata
1217 1085 1272 1141 aut
1294 1077 1368 1143 illos
1417 1064 1422 1082 ⁵

162 1231 249 1296 viros
273 1228 357 1290 inter
382 1227 475 1291 huius
503 1230 618 1310 poetae
640 1224 794 1305 reliquias
817 1225 960 1290 edituros
983 1226 1083 1291 luisse
1106 1234 1192 1291 certa
1214 1227 1369 1294 dubitatio

160 1387 254 1447 esset.
300 1379 426 1463 Quippe
447 1398 512 1441 non
536 1378 595 1442 hoc
617 1397 701 1441 nunc
723 1376 884 1458 agendum
908 1385 984 1462 erat,
1008 1383 1042 1442 ut
1065 1398 1161 1460 quam
1181 1380 1369 1463 plenissima
1416 1450 1418 1453 ,
1515 1405 1520 1415 ·

157 1534 237 1597 haec
258 1531 498 1596 Lucilianorum
521 1530 666 1595 collectio
690 1536 826 1614 extaret,
855 1530 913 1596 sed
935 1537 970 1596 ut
992 1539 1145 1614 quantum
1167 1532 1236 1597 fieri
1259 1537 1369 1615 posset

155 1684 230 1749 talis
254 1684 354 1749 exiret
377 1681 505 1765 qualem
528 1688 584 1747 aut
599 1681 826 1749 Lachmannus
849 1690 905 1749 aut
920 1683 1066 1768 proxime
1080 1691 1155 1768 post
1170 1683 1367 1750 Lachmanni

809 1790 823 1826 Ι

158 1837 280 1903 obitum
302 1836 462 1920 Hauptius
491 1832 635 1899 editurus
664 1833 763 1901 fuisse
789 1836 962 1903 videretur.
1010 1837 1099 1915 Quae
1127 1839 1186 1903 etsi
1214 1846 1263 1904 est
1291 1858 1369 1904 sane

156 2010 280 2072 manca,
305 1994 411 2053 tamen
435 1992 559 2051 tantam
581 1993 706 2070 partem
725 1989 766 2052 ab
783 1988 853 2072 ipso
870 2010 941 2054 esse
956 1989 1164 2055 Lachmanno
1180 1990 1370 2056 adornatam

155 2147 306 2226 apparet,
338 2147 459 2204 utnon
481 2139 657 2203 verendum
681 2141 735 2223 sit,
765 2160 806 2204 ne
833 2141 894 2204 bac
916 2141 1139 2207 administrata
1161 2144 1302 2210 editione
1325 2146 1369 2207 in-

154 2293 264 2357 utilem
288 2312 354 2356 rem
377 2291 519 2372 gessisse
546 2292 727 2356 videamur:
767 2311 877 2357 verum
903 2294 950 2357 ita
972 2297 1140 2379 sentimus,
1175 2298 1285 2378 magni
1307 2298 1368 2362 1111

154 2465 285 2529 operam
314 2445 412 2509 etiam
439 2464 504 2508 non
533 2444 576 2509 ad
599 2444 785 2509 umbilicum
811 2445 985 2510 adductam
1012 2454 1044 2512 et
1066 2447 1121 2512 diu
1141 2469 1287 2532 pressam
1310 2470 1368 2515 neo

153 2616 211 2666 suo
248 2603 390 2680 tempore
425 2596 544 2662 editam
577 2616 644 2661 non
670 2597 872 2662 obsolescere
900 2598 958 2662 sed
986 2598 1041 2663 ubi
1069 2600 1205 2683 primum
1233 2603 1369 2686 prodeat

153 2746 256 2828 lucem
280 2767 435 2832 spargere
457 2751 695 2834 inexpectatam
719 2749 841 2814 otveri
864 2750 1088 2832 appetentibus
1111 2760 1245 2835 gratam.

240 2897 340 2962 Scrib.
364 2898 506 2963 Berolini
528 2921 570 2962 m.
593 2898 770 2982 Septembri
795 2918 823 2962 a.
847 2921 1047 2980 nococnxxV.
