3044 5032
657 336 726 388 vnn

109 506 160 566 sno
195 504 261 566 tum
284 501 359 570 latu’
384 504 547 590 componit
567 504 671 589 lateri,
695 509 727 570 et
749 524 821 570 cum
843 514 972 592 pectore
994 513 1106 591 pectus

194 723 270 790 lena
292 744 390 792 manu
410 725 561 793 lacrimas
584 727 706 793 mutoni
730 725 895 812 absterget
917 729 1030 795 amica.

195 966 331 1029 quarum
354 954 386 1012 et
406 948 605 1018 abundemus
628 972 734 1018 rerum
757 956 789 1017 et
811 971 946 1036 quarum
968 951 1182 1036 indigeamus.

194 1180 307 1226 verum
330 1160 449 1228 flumen
471 1163 536 1249 ubi,
560 1171 658 1249 atque
680 1165 751 1249 ipso
775 1163 914 1231 divortio
937 1182 1102 1249 aquarum,

195 1263 325 1346 iligneis
348 1265 487 1351 pedibus
510 1286 674 1333 cercurum
697 1269 827 1334 roboret
849 1268 971 1351 aequis.

103 1480 151 1540 su
195 1474 295 1540 lontet
317 1494 397 1560 opus

123 1758 126 1762 .
193 1697 310 1763 saliere
332 1715 513 1780 muraenas,
536 1715 674 1761 mercem
697 1700 731 1765 in
753 1701 913 1784 frigdaria
935 1702 1029 1787 ferre,

162 1985 227 2048 220.
268 1987 386 2047 Nonius
406 2006 435 2065 p.
452 1987 518 2063 260,
533 1989 571 2047 29
591 1987 807 2067 ‘Compouere,
829 1991 1018 2067 coniungere.
1039 1990 1178 2050 ...idem
1198 1988 1227 2046 in
1247 2003 1296 2046 eo·

87 2080 154 2141 dem
175 2083 356 2161 (praecessit
376 2099 479 2141 versus
499 2081 567 2157 268)
588 2082 684 2142 ‘rcum
705 2103 810 2142 narum
831 2086 982 2163 componit
1044 2083 1187 2162 pectus’.”

163 2175 229 2235 nil.
268 2177 489 2237 commentator
522 2175 711 2254 Oruqnianus
747 2178 786 2239 ad
817 2179 937 2239 Horatii
970 2196 1134 2239 sermonum
1158 2197 1182 2252 r,
1203 2179 1236 2251 2,
1258 2178 1295 2234 68

88 2269 192 2329 “Muto
213 2275 307 2330 autem
329 2270 436 2330 dicitur
456 2271 616 2329 membrum
643 2272 735 2332 virile.
776 2278 808 2332 ut
833 2272 928 2333 Lucil.
949 2274 1000 2334 lib.
1021 2279 1128 2333 octavo
1150 2271 1229 2332 ‘lena

88 2363 217 2424 amica'.”
244 2424 247 2430 ,
332 2368 432 2425 Acron
458 2364 561 2424 eadem
589 2365 680 2426 habet
702 2367 761 2443 sic,
783 2366 836 2426 “ut
854 2366 987 2427 Lucilius
1012 2369 1041 2426 in
1067 2372 1093 2427 8.
1114 2367 1191 2426 libro
1212 2364 1296 2423 ‘luceo

84 2463 143 2517 iam
156 2457 324 2536 lachrymas
389 2460 521 2519 amica'.'’
620 2461 789 2539 Porphyrio
811 2461 981 2521 “Matonem
1001 2481 1056 2539 pro
1077 2462 1153 2521 virili
1165 2460 1296 2521 membro

85 2551 161 2614 dixit
180 2553 328 2614 Lucilium
347 2553 493 2614 imitatus:
514 2556 621 2614 etenim
636 2556 685 2615 ille
705 2556 735 2614 in
755 2557 782 2614 4.
797 2557 840 2615 sic
861 2558 911 2630 ait,
932 2557 1035 2617 ‘Laese
1047 2561 1105 2614 iam
1118 2555 1295 2615 ...amica’.”

162 2647 213 2708 Fr.
230 2648 337 2709 Dousa
351 2649 382 2707 in
397 2651 528 2709 auctario
544 2648 614 2709 edit.
632 2649 822 2727 quuianae
838 2668 868 2727 p.
881 2648 953 2710 (390b
975 2649 1189 2727 Porphyrionis
1204 2649 1297 2708 rerba

83 2743 215 2819 exhibet,
236 2743 289 2803 sed
309 2743 366 2802 hoc
386 2743 484 2820 modo,
505 2740 574 2804 “ille
590 2744 709 2805 enimin
731 2750 839 2804 octauo
855 2749 1019 2821 satyrarum
1035 2745 1077 2803 sic
1093 2743 1142 2818 ait,
1164 2744 1201 2800 ‘A
1215 2746 1295 2801 laeva

84 2839 224 2898 lacrimas
307 2838 437 2898 amica'.”

143 2996 146 3002 ,
160 2932 227 2995 292.
268 2932 382 2992 Nonius
396 2951 424 3010 p.
435 2933 503 3008 498,
515 2935 531 2991 8
546 2931 723 2992 “Genitirus
738 2932 855 3009 positus
868 2949 924 3004 pro
938 2930 1079 2990 ablativo.
1101 2977 1145 2991 ...
1160 2930 1294 2990 Lucilius

86 3033 250 3103 satyrarum
270 3026 321 3088 lib.
336 3046 367 3085 vr
387 3026 516 3087 ‘hortare
536 3027 653 3087 iliorum
675 3027 700 3086 si
720 3027 832 3103 possim
848 3026 931 3103 capis
946 3025 1062 3086 sortiri'.
1093 3025 1172 3085 idem
1192 3025 1242 3083 lib.
1268 3036 1299 3076 1¹1

84 3119 142 3198 (ua
160 3135 217 3177 rrrr
233 3120 406 3197 Leideusis)
428 3121 561 3198 ‘quarum
583 3128 613 3181 et
633 3121 918 3198 ...indigeamns'.’'

161 3215 227 3276 223.
268 3216 385 3290 Nonius
410 3235 438 3293 p.
454 3217 520 3294 533,
542 3217 577 3276 27
602 3216 756 3294 “Cercyrus
781 3217 865 3277 uaris
893 3221 939 3274 est
964 3215 1081 3273 Asiana
1107 3213 1293 3291 pergrandis.

82 3309 282 3373 ...Lucilius
303 3317 469 3386 satyrarum
488 3311 538 3370 lib.
553 3331 608 3368 vrrr
630 3309 741 3370 ‘verum
762 3311 868 3369 flumen
888 3328 941 3366 nur
963 3314 1053 3384 atque
1074 3309 1141 3384 ipso
1168 3307 1295 3368 divortio

81 3422 187 3463 sunnis
207 3405 337 3483 pedibus
358 3424 496 3482 carcerc—m
517 3423 706 3464 concunnsr
728 3405 836 3480 equis’.''

163 3498 229 3560 275.
267 3498 440 3559 Priscianus
454 3519 482 3578 p.
495 3502 551 3559 800
563 3499 645 3577 (880)
658 3499 706 3558 “N
709 3515 755 3557 am
767 3499 892 3557 alenteo
907 3496 1042 3555 lentesco
1054 3495 1214 3568 derivatur,
1224 3514 1295 3573 quo-

82 3593 171 3654 modo
188 3592 311 3654 adoreo
332 3594 461 3654 duresco
482 3601 512 3653 et
530 3595 644 3653 avireo
660 3593 783 3668 viresco.
814 3591 947 3650 Lucilius
962 3595 1061 3650 tamen
1077 3591 1106 3649 in
1119 3609 1171 3648 rm
1194 3588 1297 3649 ‘lentot

81 3689 167 3767 opus'
188 3689 338 3767 protulit.''
457 3689 674 3748 Grammaticus
695 3684 939 3744 vindobonensis
961 3703 990 3761 p.
1006 3684 1061 3744 172
1086 3684 1256 3745 “Lentescc
1278 3702 1296 3742 a

80 3783 174 3843 verbo
194 3784 295 3844 lentot.
335 3782 468 3842 Lucilius
489 3783 590 3842 ‘leniet
610 3781 720 3858 opus'.”

159 3878 225 3939 276.
266 3879 440 3938 Priscianus
461 3896 491 3954 p.
508 3879 564 3936 909
592 3873 707 3936 “Sallio
735 3874 863 3934 sallitum
890 3876 977 3951 facit,
1005 3876 1080 3935 sallo
1107 3874 1294 3934 salsum.

81 3975 218 4035 similiter
239 3973 374 4034 Lucilius
394 3973 424 4031 in
446 3992 497 4031 vru
518 3970 634 4031 ‘sallere
718 3968 862 4046 frigdario
882 3970 938 4046 (sic
966 3968 1069 4027 Iunius
1091 3984 1128 4026 ex
1149 3967 1225 4024 libro
1246 3981 1294 4023 re-

79 4074 157 4129 tere:
178 4067 320 4129 Kreblius
340 4086 407 4129 cum
427 4065 570 4126 Putscbio
585 4067 745 4142 tripidaric
765 4062 886 4123 exbibet
906 4070 937 4122 et
957 4060 1049 4137 tacet)
1071 4059 1182 4119 icrre'.”

161 4319 228 4380 220.
273 4319 341 4378 Tum
362 4318 435 4376 latus
453 4318 604 4377 Mercerus
625 4313 727 4374 edidit.

157 4395 224 4458 2⁷3.
269 4416 406 4473 uquarum
425 4395 526 4472 Ilipula
545 4392 659 4453 Iunius.
