3044 5032
641 305 644 310 ·
733 281 763 330 11

553 450 648 527 homo
671 451 838 535 inpuratus
861 455 892 515 ct
914 449 1008 533 inpos

184 569 219 628 ιο
258 556 320 621 istc
342 554 517 640 rapinator.
1022 559 1028 593 ¹

257 750 323 809 tum
348 742 456 829 [sacto]
481 743 590 807 omnia
612 763 682 808 sum
705 741 822 807 circum
839 741 938 806 latus.

258 908 335 1014 quiri
358 930 464 1014 dicis?
488 951 543 995 cur
567 929 756 994 estfactum
781 929 868 1014 quod
891 928 989 996 coicis
1011 929 1115 994 istuc?

256 1121 439 1204 inpuratum
462 1119 545 1184 hunc
567 1119 600 1183 in
624 1117 732 1184 fauces
755 1118 884 1184 invasse
907 1117 1112 1200 animamque
1139 1154 1144 1167 ·

258 1223 383 1289 elisisse
402 1221 459 1286 illi.

186 1422 218 1481 65
625 1411 783 1494 lustrata,
807 1409 923 1494 piatus,

133 1618 137 1626 ·
258 1595 428 1685 [hyodyty]
452 1599 557 1663 aurati
583 1594 816 1690 [ciceetcracia]
841 1599 956 1665 mitrae

259 1806 344 1851 nuno
365 1790 496 1871 praetor
518 1791 590 1850 tuus
614 1789 672 1869 est,
696 1786 775 1853 meu’
800 1785 827 1851 si
841 1785 1036 1856 >discesserit
1058 1785 1161 1852 horno

257 1888 397 1971 gentilis.

232 2159 277 2214 59.
318 2156 436 2215 Nonius
462 2174 491 2231 p.
509 2158 579 2227 129,
601 2158 637 2213 28
669 2152 825 2231 “Inpun0‚
856 2153 936 2230 quod
963 2161 1009 2214 est
1034 2153 1190 2231 inpudens
1231 2154 1373 2215 Lucilius

154 2250 202 2309 lib.
221 2268 242 2306 ιι
269 2248 366 2310 ‘homo
392 2252 546 2327 inpuratus
574 2256 604 2308 ct
623 2267 737 2306 ruruno
759 2268 815 2306 usn
835 2248 991 2325 rapistor'.”
1090 2248 1175 2308 Idem
1196 2269 1225 2327 p.
1243 2248 1308 2322 161,
1325 2254 1374 2328 Ἰ22

158 2340 379 2418 “Rapinatores
404 2362 459 2420 pro
487 2343 665 2419 raptoribus,
767 2343 899 2402 Lucilius
922 2344 972 2402 lib.
988 2363 1009 2399 11
1034 2342 1131 2402 ‘homo
1156 2346 1309 2421 impudicos
1342 2352 1375 2405 et

153 2455 264 2493 ιιιΡιιιιιι
285 2456 342 2494 ssu
362 2438 549 2514 rapinato'r’.”

231 2535 276 2591 61.
317 2532 432 2590 Nonius
454 2551 482 2608 p.
496 2534 562 2605 261,
578 2534 615 2590 26
636 2530 851 2589 “Circumferre
873 2531 1051 2608 estproprie
1065 2533 1201 2593 lustrare.
1232 2533 1373 2594 Lucilius

154 2633 319 2703 scyrorum
344 2627 395 2685 lib
414 2646 435 2682 11
462 2626 580 2685 tum..
594 2644 700 2684 ,suun
725 2625 931 2684 circumiens
973 2627 1097 2686 Plautus
1125 2629 1154 2686 in
1181 2628 1373 2704 Amfitryone

154 2721 273 2781 ‘iube
264 2728 304 2781 ιιι
306 2740 352 2780 am
382 2741 437 2799 pro
468 2723 576 2781 cerrita
545 2720 801 2780 tcircumferri'.
849 2720 933 2796 Virg.
954 2721 1005 2779 lib.
1023 2739 1052 2777 vr
1084 2720 1171 2780 ‘idem
1197 2729 1242 2782 ter
1268 2725 1372 2832 socios

153 2834 229 2893 pura
249 2816 428 2875 circumtulit
448 2815 562 2874 unda'.”

232 2914 277 2969 62
319 2909 436 2968 Nonius
457 2929 485 2986 p.
501 2911 568 3030 268,
589 2910 635 2970 5‘
638 2908 792 2983 Ooicere,
812 2910 918 2985 furari,
940 2911 1064 2970 auferre.
1087 2909 1125 2987 (i)
1233 2912 1373 2974 Lucilius

152 3006 203 3064 lib.
219 3024 239 3060 ιι
261 3003 389 3081 ‘quid..
403 3004 540 3063 .istuc’.”
1300 2990 1303 2995 ’

128 3097 129 3100 ’
231 3100 276 3156 63.
317 3097 433 3155 Nonius
462 3112 490 3174 p.
506 3101 576 3171 291,
598 3100 635 3157 36
665 3096 805 3157 “Elidere
836 3099 924 3158 etiam
953 3100 1110 3159 excludere
1141 3101 1296 3175 significat.

154 3192 287 3251 Lucilius
311 3211 344 3249 sa
345 3195 476 3268 tyrannm
495 3193 545 3250 lib.
560 3213 582 3248 ιι
603 3191 796 3250 murmurum
884 3195 960 3252 illi’.”

231 3289 277 3345 65.
318 3286 435 3345 Nonius
455 3289 561 3363 p.335,
578 3289 614 3345 14
635 3286 809 3360 “Lustrare,
830 3290 960 3365 expiare.
1049 3288 1182 3348 Lucilius
1205 3292 1373 3364 satyrarum

153 3383 203 3442 lib.
218 3401 240 3438 ιι
261 3381 412 3440 ‘lustratus
433 3380 568 3457 piatns'.’'

232 3479 276 3535 66.
317 3476 432 3535 Nonius
454 3493 482 3550 p
497 3477 563 3549 639,
584 3476 649 3535 21‘
653 3476 801 3536 ‘Riccest
822 3477 901 3554 quod
921 3494 975 3536 nos
997 3477 1145 3536 sudarium
1167 3477 1348 3537 dicimus.

154 3570 352 3630 Lucilinst
306 3590 339 3630 sa
340 3576 468 3647 tyrarum
483 3570 533 3628 lib.
547 3591 568 3628 ιι
590 3570 747 3628 ‘uronunr
767 3572 895 3681 (hrodptp
914 3571 1085 3650 Leidensis)
1107 3575 1201 3632 aurati
1223 3589 1373 3630 crcsnro

154 3683 244 3722 niort
266 3665 402 3725 mitroc’.'’
472 3709 481 3728 .

232 3757 277 3819 oi
320 3761 456 3820 Donatus
485 3760 522 3818 ad
548 3758 680 3819 Terentii
707 3759 853 3819 Andriam
871 3782 900 3835 v,
921 3764 938 3820 6
963 3781 992 3838 p.
1008 3763 1045 3820 94
1077 3759 1182 3820 “Tuus
1214 3765 1261 3819 est
1291 3778 1370 3820 nunc

155 3854 308 3914 Chremes.
343 3855 476 3914 Lucilius
496 3855 524 3912 in
547 3854 677 3913 secundo
700 3855 741 3930 (io
759 3859 871 3929 septimo
893 3857 948 3915 Ms.
963 3854 1192 3933 Lindcnbrogii)
1214 3855 1300 3914 ‘nunc

153 3950 247 4009 horno
268 3949 387 4026 gentilis
410 3950 488 4026 (olim
509 3949 645 4025 impressi
665 3950 744 4006 homo
762 3948 904 4026 ριιιιιιιγ.υ

232 4134 278 4191 69.
319 4129 435 4189 Nonius
459 4129 574 4189 videtur
595 4130 754 4206 scripsisse
775 4130 961 4206 Imperator
982 4133 1058 4207 quoa
1077 4141 1116 4188 est
1134 4134 1267 4207 inpotem.

232 4212 277 4268 61.
321 4209 463 4267 Fortasse
489 4209 558 4266 Tam
570 4211 647 4283 joaa
668 4211 760 4266 omorio
780 4227 846 4266 scra.

232 4289 277 4345 63.
317 4289 494 4362 [inparatam
515 4287 672 4343 Mercerus.

232 4366 278 4427 66,
320 4363 473 4425 B6clrhius
494 4357 656 4431 ὓσκιωιοί,
679 4362 730 4440 qui
752 4369 821 4423 sunt
841 4362 934 4422 calcei
953 4362 1120 4436 obstrigilli.
