3044 5032
654 297 781 335 taenara

412 459 519 519 scorta
540 453 721 537 Pyrgensia

505 658 603 726 parce

415 879 528 898 ......
542 849 700 914 arcusque

246 1021 248 1025 ’
272 1115 275 1122 Ι
413 1020 490 1086 iacti
512 1017 674 1105 subpudet

448 1208 570 1275 corolla

414 1397 558 1484 aquilum

127 1597 193 1658 mo
419 1585 627 1672 moritoniae
687 1567 694 1687 j

218 1778 418 1852 Quintilianus
439 1775 530 1834 instit.
545 1794 564 1848 1,
580 1777 609 1849 5,
622 1777 660 1834 56
681 1773 804 1833 “Taceo
823 1773 860 1830 de
875 1773 984 1833 Tuscis
1002 1779 1033 1833 et
1047 1772 1167 1834 Sabinis
1182 1778 1212 1830 et
1228 1772 1318 1830 Prae·

215 1871 339 1931 nostinis
367 1888 501 1949 quoquc:
527 1886 596 1927 nam
615 1874 649 1928 ut
669 1885 768 1928 eorum
789 1885 923 1927 sermone
938 1874 1068 1928 utentem
1095 1867 1212 1927 Vettium
1232 1867 1319 1941 (vetti-

217 1971 288 2024 ciom
308 1983 378 2042 pars
399 1965 553 2040 librorum)
572 1963 706 2047 Lucilios
726 1962 924 2033 insectaturi,

109 2183 218 2241 ‘animo
239 2198 276 2242 ac
297 2181 378 2258 (olim
397 2180 536 2257 impressi
556 2177 605 2256 mr)
627 2176 819 2237 virtutibus’.”

190 2277 273 2334 1195.
313 2275 433 2338 Servius
454 2273 494 2333 ad
510 2271 663 2331 Aeneidos
675 2291 705 2345 a,
719 2272 774 2330 184
795 2270 856 2330 “Et
869 2270 961 2348 Pyrgi
974 2278 1098 2331 veteres.
1122 2271 1190 2328 Hoc
1210 2269 1317 2328 castel·
1405 2276 1408 2281 “

109 2372 168 2428 lom
190 2369 403 2429 nobilissimum
428 2368 484 2427 fnit
509 2384 546 2426 eo
565 2370 698 2442 tempore
725 2384 785 2443 quo
806 2365 899 2425 Tusci
925 2366 1079 2442 piraticam
1107 2367 1318 2424 exercuerunt:

111 2481 179 2523 nam
199 2463 258 2522 illic
278 2463 450 2540 metropolis
470 2461 533 2520 fuit.
560 2460 640 2537 qood
660 2466 768 2538 postea
787 2466 989 2539 expugnatum
1004 2458 1181 2537 aDionysio
1194 2463 1319 2534 tyranno

110 2556 232 2618 Siciliae
255 2558 370 2618 dicitur.
401 2557 438 2616 de
459 2574 518 2633 quo
538 2556 671 2615 Lucilius
692 2555 804 2618 ‘scorta
823 2555 1037 2615 rmennrra’.”

188 2654 270 2712 1196.
311 2651 432 2712 Seruius
453 2651 494 2711 ad
514 2649 668 2709 Aeneidos
686 2669 717 2725 x,
736 2654 793 2710 532
814 2651 938 2710 “Parce
962 2655 1062 2709 'autem
1087 2655 1134 2708 est
1157 2646 1318 2706 seeundum

109 2748 248 2823 antiquos
270 2765 366 2822 serra,
386 2752 420 2806 ut
443 2744 525 2822 apud
544 2744 692 2802 Lucilium
713 2749 743 2802 et
761 2745 888 2803 Ennium
907 2731 1079 2804 invenitur!j

187 2839 269 2900 1197.
311 2842 464 2917 Interpres
484 2839 611 2915 Vergilii
630 2839 739 2898 Veron.
759 2837 960 2913 aeneidum,
980 2840 1017 2897 25
1036 2855 1066 2914 p.
1082 2839 1119 2895 99
1140 2834 1176 2893 de
1197 2836 1317 2896 lacuna·

108 2935 201 3009 ribus,
221 2941 255 2995 ut
274 2935 397 2995 videtur.
430 2933 583 2995 “Lucilius
602 2965 673 2982 —-
693 2917 865 3009 arcusque.''
959 2927 961 2930 ’

190 3030 272 3088 1198.
308 3029 465 3105 interpres
478 3028 589 3089 Veron.
607 3029 646 3088 ad
661 3032 737 3088 Aen.
750 3047 790 3102 rx,
801 3026 857 3087 373
878 3024 927 3086 “N
930 3043 976 3085 am
998 3025 1052 3083 sub
1072 3041 1128 3101 pro
1147 3041 1251 3101 parum
1266 3041 1319 3102 po·

108 3121 194 3203 nitur.
225 3122 321 3183 Lucil.
343 3123 426 3183 ‘iacti
446 3123 629 3201 subpudet'.”
1024 3116 1030 3124 “

187 3217 282 3278 11981.
310 3218 446 3279 Isidorus
461 3220 663 3295 orig.x1x‚30,
677 3219 691 3276 1
714 3215 858 3276 “Corona
870 3215 985 3290 insigne
999 3215 1141 3275 victoriae
1162 3215 1223 3273 sive
1243 3213 1317 3288 regii

107 3309 229 3371 honoris
256 3314 519 3390 signum-...haee
541 3333 559 3374 a
578 3314 695 3374 Lucilio
715 3310 840 3386 corolla,
867 3311 905 3371 ab
925 3310 1058 3369 Homero
1079 3302 1217 3387 στεφάνη
1239 3307 1319 3367 dicta

107 3403 180 3462 est),
1328 3409 1336 3427 ¹.

192 3498 275 3556 1199.
315 3495 500 3558 Glossarium
522 3498 666 3578 Stephani
685 3499 857 3577 “Aquilum,
876 3497 981 3572 μέλαν,
1003 3491 1044 3566 ὥς
1062 3490 1279 3564 Λουκίλλιος.”

187 3591 271 3649 1200.
313 3590 473 3653 Glossaria
498 3592 634 3654 Labbaei
659 3615 688 3672 p.
705 3598 743 3654 83
768 3592 899 3653 “Gutilli
923 3609 1032 3667 oncae,
1058 3583 1170 3671 adporo
1190 3581 1319 3667 (κάρυα)

106 3678 212 3760 μακρὰ
234 3680 320 3760 παρὰ
340 3683 549 3769 Λουκιλλίῳ.”
633 3687 928 3762 Ibidem.“Gulluca‚
950 3683 1178 3764 uapororoptaJ'

186 3899 268 3963 119⁷.
310 3902 421 3962 Confer
440 3920 466 3962 v.
485 3903 560 3961 1162
579 3904 752 3963 resultabant
769 3906 902 3981 ordoque
922 3904 1057 3985 locaque.

154 4017 157 4023 -
185 3982 268 4040 1200.
310 3978 474 4039 Vulcanius
492 3980 636 4056 polliceor.
668 3979 805 4056 Scaliger
826 3981 945 4041 Galioca
965 3973 1165 4054 καρυοτόμια.
1203 3978 1317 4040 scilicet

107 4057 188 4134 apud
210 4058 337 4118 Paulum
358 4076 387 4133 p.
404 4055 441 4116 73
461 4056 535 4117 haec
560 4064 641 4132 sunt,
669 4057 829 4130 Gallicane,
851 4079 950 4118 numan
971 4057 1143 4134 iuglandium
1164 4076 1270 4116 miramo
1294 4066 1318 4115 et

106 4138 211 4193 uiridia
224 4139 383 4212 potamion,
405 4134 475 4193 item
488 4135 518 4192 in
533 4135 643 4210 glossis
660 4135 776 4193 Placidi
796 4153 825 4213 p.
837 4135 894 4196 467
918 4136 1104 4206 Θαίὶίοέοίοία,
1124 4139 1223 4194 cortice
1241 4139 1318 4192 eccm
1373 4189 1375 4193 ,

106 4213 246 4287 iuglandis
263 4216 370 4285 viridis,
385 4231 439 4288 per
460 4231 537 4288 quent
558 4231 657 4288 eorpus
676 4212 823 4271 domanam
841 4214 957 4289 intelligi
976 4211 1041 4270 cuit.
1067 4229 1133 4270 cum
1152 4211 1198 4270 his
1214 4211 1316 4270 Miille-

107 4306 158 4347 rus
181 4287 254 4348 hae'c
275 4291 364 4350 Pauli
385 4289 545 4364 coniungit,
567 4307 643 4368 quae
664 4289 801 4364 leguntur
821 4309 851 4369 p.
865 4292 911 4364 39,
933 4289 1067 4360 (littora,
1088 4292 1201 4347 commea
1218 4307 1318 4348 aucam

106 4367 245 4438 viridium,
265 4369 341 4427 dieto
354 4389 374 4428 o
392 4366 567 4427 similitudine
587 4369 734 4428 aulicorum
753 4367 849 4445 quibos
867 4370 959 4427 cinam
978 4370 1034 4426 rica
1048 4367 1135 4426 oleum
1155 4369 1315 4428 renouetur.

160 4496 184 4535 G.
203 4495 316 4534 tuctus
336 4497 524 4537 SATURARUM.
1077 4460 1118 4526 10
