3044 5032
240 315 282 381 54
533 349 535 354 ·
805 319 884 369 XVII

258 491 310 550 470
348 504 413 548 non
424 483 545 548 licitum
557 503 629 549 esse
640 489 765 549 uterum
779 492 875 568 atque
888 485 984 551 etiam
999 485 1133 566 inguina
1147 489 1281 566 tangere
1296 484 1454 566 mammis,

355 582 451 675 Τυρώ
475 579 708 673 aduenientem
731 587 875 671 aliquam
897 608 965 654 rem
987 587 1148 670 insignem
1170 584 1333 670 habuisse,

349 708 525 772 verrucam,
549 707 698 772 naevum,
724 685 876 775 [dietum],
900 689 1029 755 dentem
1052 689 1226 754 eminulum
1249 708 1358 771 unum,

299 791 302 798 '
351 787 554 874 compernem
577 797 632 856 aut
653 811 766 856 varam
789 790 890 855 fuisse
912 790 1155 874 Amphitryonis
1179 789 1306 856 acoetin

350 893 546 977 Alcmenam,
570 899 666 975 atque
689 892 780 976 alias,
804 891 962 956 Helenam
983 881 1249 976 ipsam'denique
1271 929 1312 938 —-
1334 890 1412 955 nolo

260 1005 307 1064 475
348 994 469 1060 dicere:
498 1000 564 1061 tute
586 992 661 1060 vide
685 999 782 1077 atque
805 991 989 1076 disyllabon
1011 993 1097 1075 elige
1120 992 1266 1076 quodvis.

351 1215 378 1280 si
403 1214 538 1280 semissi’
564 1215 643 1281 facis
667 1233 785 1299 musas,
809 1213 837 1279 si
860 1212 967 1279 vendi’
991 1213 1172 1280 Lavernae.

353 1440 459 1500 cetera
482 1435 656 1501 contemnit
678 1441 710 1501 et
731 1434 765 1498 in
787 1450 886 1498 usura
910 1431 1018 1495 omnia
1039 1433 1131 1517 ponit

355 1558 420 1602 non
443 1556 578 1620 magna:
604 1537 769 1622 proprium
791 1555 868 1602 vero
893 1535 939 1599 nil
960 1534 1120 1599 neminem
1143 1535 1273 1602 habere.

298 1782 301 1787 ·
354 1764 527 1844 nuptunum
549 1762 580 1821 te
602 1760 704 1840 nupta
725 1775 837 1840 negas,
861 1755 948 1839 quod
970 1756 1080 1822 vivere
1104 1755 1222 1823 Ulixen

265 1868 321 1927 440.
355 1879 477 1946 speras.

267 2081 288 2123 *
799 2099 919 2163 magna
943 2100 1018 2148 ossa
1040 2080 1216 2164 lucentique

356 2188 516 2268 apparent
528 2181 683 2247 ‘hominis

251 2511 351 2553 novun
371 2490 459 2550 etiam
475 2490 665 2549 ...mammis
688 2507 880 2547 compsanam
898 2491 1030 2550 ...alias
1050 2509 1154 2546 Lunum
1171 2536 1215 2549 ...
1229 2489 1357 2566 quodvis
1373 2508 1467 2547 nuno

249 2603 465 2644 numennumen
481 2603 663 2645 ...naevum
679 2583 786 2661 (aeuum
799 2583 1060 2660 Guelferbytanus,
1081 2603 1196 2641 peanum
1211 2582 1384 2657 Leidensis)
1401 2583 1465 2642 (lic-

251 2688 312 2741 lum
326 2727 333 2740 .
346 2727 352 2739 .
364 2726 370 2740 .
382 2680 504 2738 unum'.”
574 2678 659 2738 Idem
679 2697 708 2755 p.
723 2681 770 2754 26,
787 2681 820 2736 ll
842 2677 939 2736 “Vari
952 2678 1089 2737 dicuntur
1104 2677 1232 2737 obtortis
1247 2675 1369 2753 plantis.
1402 2675 1465 2734 Lu-

251 2776 335 2835 cilius
345 2780 522 2850 -satyrarum
541 2773 593 2832 lib.
608 2791 673 2830 xvu
694 2773 891 2850 ‘compernem
906 2818 912 2832 .
926 2818 933 2832 .
945 2818 952 2832 .
965 2771 1118 2832 acoelin’.”

326 2866 393 2928 nlo.
432 2867 550 2927 Nonius
571 2886 599 2944 p.
617 2868 680 2942 134,
696 2869 733 2925 33
754 2865 929 2941 “Lavmna,
956 2865 1012 2924 dea
1036 2864 1084 2924 cui
1111 2865 1282 2942 supplicant
1306 2863 1397 2922 fures.

213 2980 218 2989 ·
250 2963 384 3022 Lucilius
404 2961 455 3021 lib.
470 2979 534 3018 xvu
555 2961 591 3020 ‘si
609 2980 723 3018 messus
744 2961 818 3021 facis
835 2959 1069 3021 ...lavernae’.''

327 3054 396 3114 477.
439 3052 556 3114 Nonius
582 3073 611 3130 p.
626 3056 730 3130 362‚6
758 3054 936 3131 “Proprium
963 3071 1078 3114 rursum
1104 3050 1252 3127 significat
1277 3056 1467 3128 perpetuum.

252 3193 297 3208 ...
314 3149 447 3208 Lucilius
469 3154 634 3224 satyrarum
654 3149 704 3207 lib.
720 3168 784 3207 xvu
804 3147 915 3208 ‘cetera
930 3194 936 3207 .
949 3192 957 3205 .
968 3193 975 3206 .
986 3149 1055 3205 nihil
1068 3190 1075 3206 .
1087 3192 1094 3206 .
1105 3191 1112 3205 .
1123 3143 1269 3204 habere’.''

329 3241 397 3302 479.
435 3242 609 3300 Priscianus
636 3261 665 3318 p.
681 3245 738 3302 864
762 3242 917 3302 “Lucilius
936 3242 967 3300 in
987 3260 1053 3298 xvn
1078 3242 1227 3318 (numerus
1253 3237 1400 3315 incertus)
1428 3239 1469 3298 ad

253 3338 438 3413 Penelopam
466 3354 627 3396 conversus
654 3337 695 3396 ait
720 3335 887 3413 ‘nuptorum
903 3336 1082 3411 ...speras'.
1121 3337 1151 3394 in
1178 3333 1235 3392 hoc
1255 3349 1375 3408 quoque
1397 3334 1467 3393 sub·

252 3428 430 3490 audiendum
458 3437 505 3491 est
530 3448 613 3508 esse,
644 3431 675 3489 id
701 3436 749 3489 cst
772 3436 929 3506 nuptorum
957 3447 1024 3488 esse
1049 3447 1103 3505 pro
1130 3433 1251 3504 nuptum
1277 3426 1334 3502 ire,
1365 3446 1466 3504 γαμη-

251 3521 441 3597 θήσεσθαι.”

328 3618 395 3676 481.
435 3617 610 3679 Macrobius
638 3620 757 3680 Salam.
770 3637 812 3694 vu,
834 3621 860 3692 1,
878 3619 916 3676 43
943 3616 1096 3676 “Lucilius
1122 3615 1250 3694 (aliquot
1277 3616 1467 3692 exemplaria

252 3709 411 3788 Lucretius)
432 3712 461 3771 in
483 3715 609 3790 septimo
632 3714 746 3775 decimo
767 3711 1089 3789 ‘magna..nomm1’.”

329 3978 395 4039 4⁷0.
436 3989 518 4055 utque
539 3979 651 4038 Iunius

327 4055 394 4115 471.
437 4058 511 4133 Tpro
533 4060 717 4133 eupalereinm
731 4100 739 4114 .
751 4100 758 4114 .
769 4098 776 4113 .
787 4075 879 4127 anam,
900 4056 1076 4132 componam
1094 4053 1138 4114 M.
1153 4052 1306 4129 Hauptius
1320 4054 1352 4113 in
1364 4054 1463 4115 Philo-

252 4133 324 4209 logo
345 4132 563 4194 Schneidewini
582 4153 592 4191 1
611 4152 641 4211 p.
658 4134 723 4191 163.

328 4209 395 4269 474.
434 4213 571 4270 Helenam
592 4209 750 4286 Scaliger.»

330 4285 397 4347 476.
437 4288 530 4346 Ianus
552 4289 659 4348 Dousa
678 4289 795 4345 comissa
808 4287 927 4360 facient.
1309 4313 1328 4358 ·.

329 4366 395 4426 482.
437 4363 552 4423 loannis
573 4365 673 4425 nescio
694 4365 769 4441 quis.
811 4362 895 4422 Conf.
910 4362 1057 4422 commin
1079 4361 1171 4420 Lacr.
1186 4379 1216 4437 p.
1227 4363 1273 4421 81.
