<?xml version="1.0" encoding="UTF-8"?>
<!DOCTYPE html PUBLIC "-//W3C//DTD XHTML 1.0 Transitional//EN"
    "http://www.w3.org/TR/xhtml1/DTD/xhtml1-transitional.dtd">
<html xmlns="http://www.w3.org/1999/xhtml" xml:lang="en" lang="en">
 <head>
  <title>
</title>
<meta http-equiv="Content-Type" content="text/html;charset=utf-8" />
  <meta name='ocr-system' content='tesseract 3.04.00' />
  <meta name='ocr-capabilities' content='ocr_page ocr_carea ocr_par ocr_line ocrx_word'/>
</head>
<body>
  <div class='ocr_page' id='page_1' title='image "./saturarum01lucigoog_0063.png"; bbox 0 0 3044 5032; ppageno 0'>
   <div class='ocr_carea' id='block_1_1' title="bbox 264 327 308 395">
    <p class='ocr_par' dir='ltr' id='par_1_1' title="bbox 264 327 308 395">
     <span class='ocr_line' id='line_1_1' title="bbox 264 327 308 395; baseline 0 0"><span class='ocrx_word' id='word_1_1' title='bbox 264 327 308 395; x_wconf 86' lang='grc'><strong>50</strong></span> 
     </span>
    </p>
   </div>
   <div class='ocr_carea' id='block_1_2' title="bbox 371 479 736 580">
    <p class='ocr_par' dir='ltr' id='par_1_2' title="bbox 371 479 736 580">
     <span class='ocr_line' id='line_1_2' title="bbox 371 479 736 580; baseline 0.011 -18"><span class='ocrx_word' id='word_1_2' title='bbox 371 517 437 564; x_wconf 87' lang='grc'>444</span> <span class='ocrx_word' id='word_1_3' title='bbox 460 479 632 580; x_wconf 79' lang='lat' dir='ltr'>ergastilus</span> <span class='ocrx_word' id='word_1_4' title='bbox 654 520 736 566; x_wconf 88' lang='lat' dir='ltr'>unus</span> 
     </span>
    </p>
   </div>
   <div class='ocr_carea' id='block_1_3' title="bbox 373 662 1286 774">
    <p class='ocr_par' dir='ltr' id='par_1_3' title="bbox 373 662 1286 774">
     <span class='ocr_line' id='line_1_3' title="bbox 373 662 1286 774; baseline 0.005 -24"><span class='ocrx_word' id='word_1_5' title='bbox 373 662 621 752; x_wconf 84' lang='lat' dir='ltr'>tintinnabulum</span> <span class='ocrx_word' id='word_1_6' title='bbox 643 687 735 752; x_wconf 85' lang='lat' dir='ltr'>abest</span> <span class='ocrx_word' id='word_1_7' title='bbox 756 687 830 752; x_wconf 90' lang='lat' dir='ltr'>hino</span> <span class='ocrx_word' id='word_1_8' title='bbox 852 688 1071 774; x_wconf 85' lang='lat' dir='ltr'>surpiculiquo</span> <span class='ocrx_word' id='word_1_9' title='bbox 1093 691 1286 756; x_wconf 85' lang='lat' dir='ltr'>holcrorum.</span> 
     </span>
    </p>
   </div>
   <div class='ocr_carea' id='block_1_4' title="bbox 280 882 1409 1276">
    <p class='ocr_par' dir='ltr' id='par_1_4' title="bbox 369 882 1271 967">
     <span class='ocr_line' id='line_1_4' title="bbox 369 882 1271 967; baseline 0.004 -19"><span class='ocrx_word' id='word_1_10' title='bbox 369 885 469 950; x_wconf 90' lang='lat' dir='ltr'>multa</span> <span class='ocrx_word' id='word_1_11' title='bbox 492 882 635 948; x_wconf 86' lang='lat' dir='ltr'>hominos</span> <span class='ocrx_word' id='word_1_12' title='bbox 657 888 806 967; x_wconf 85' lang='lat' dir='ltr'>portenta</span> <span class='ocrx_word' id='word_1_13' title='bbox 827 887 861 950; x_wconf 94' lang='lat' dir='ltr'>in</span> <span class='ocrx_word' id='word_1_14' title='bbox 883 885 1014 950; x_wconf 82' lang='lat' dir='ltr'>Homeri</span> <span class='ocrx_word' id='word_1_15' title='bbox 1035 886 1173 953; x_wconf 83' lang='lat' dir='ltr'>versibu’</span> <span class='ocrx_word' id='word_1_16' title='bbox 1196 885 1271 952; x_wconf 88' lang='lat' dir='ltr'>ficta</span> 
     </span>
    </p>

    <p class='ocr_par' dir='ltr' id='par_1_5' title="bbox 280 988 1409 1276">
     <span class='ocr_line' id='line_1_5' title="bbox 280 988 1409 1074; baseline -0.001 -19"><span class='ocrx_word' id='word_1_17' title='bbox 280 996 334 1055; x_wconf 82' lang='grc'>440</span> <span class='ocrx_word' id='word_1_18' title='bbox 370 992 513 1051; x_wconf 86' lang='lat' dir='ltr'>monstra</span> <span class='ocrx_word' id='word_1_19' title='bbox 535 991 668 1071; x_wconf 89' lang='lat' dir='ltr'>putant.</span> <span class='ocrx_word' id='word_1_20' title='bbox 703 1004 836 1067; x_wconf 92' lang='lat' dir='ltr'>quorum</span> <span class='ocrx_word' id='word_1_21' title='bbox 859 988 892 1052; x_wconf 92' lang='lat' dir='ltr'>in</span> <span class='ocrx_word' id='word_1_22' title='bbox 915 989 1027 1073; x_wconf 90' lang='lat' dir='ltr'>primis</span> <span class='ocrx_word' id='word_1_23' title='bbox 1049 988 1226 1074; x_wconf 87' lang='lat' dir='ltr'>Polyfemu&#39;</span> <span class='ocrx_word' id='word_1_24' title='bbox 1252 989 1409 1056; x_wconf 83' lang='lat' dir='ltr'>ducentos</span> 
     </span>
     <span class='ocr_line' id='line_1_6' title="bbox 370 1087 1337 1178; baseline 0.004 -25"><span class='ocrx_word' id='word_1_25' title='bbox 370 1087 508 1175; x_wconf 78' lang='lat' dir='ltr'>cyclops</span> <span class='ocrx_word' id='word_1_26' title='bbox 530 1088 639 1178; x_wconf 85' lang='lat' dir='ltr'>longu’</span> <span class='ocrx_word' id='word_1_27' title='bbox 662 1087 772 1173; x_wconf 84' lang='lat' dir='ltr'>podes,</span> <span class='ocrx_word' id='word_1_28' title='bbox 797 1093 828 1152; x_wconf 85' lang='lat' dir='ltr'>ot</span> <span class='ocrx_word' id='word_1_29' title='bbox 849 1109 945 1173; x_wconf 88' lang='lat' dir='ltr'>porro</span> <span class='ocrx_word' id='word_1_30' title='bbox 970 1091 1042 1157; x_wconf 90' lang='lat' dir='ltr'>hnic</span> <span class='ocrx_word' id='word_1_31' title='bbox 1064 1091 1159 1156; x_wconf 86' lang='lat' dir='ltr'>maiu&#39;</span> <span class='ocrx_word' id='word_1_32' title='bbox 1184 1091 1337 1157; x_wconf 81' lang='lat' dir='ltr'>bacillum</span> 
     </span>
     <span class='ocr_line' id='line_1_7' title="bbox 370 1190 1177 1276; baseline 0.001 -19"><span class='ocrx_word' id='word_1_33' title='bbox 370 1211 467 1276; x_wconf 89' lang='lat' dir='ltr'>quam</span> <span class='ocrx_word' id='word_1_34' title='bbox 490 1190 593 1254; x_wconf 86' lang='lat' dir='ltr'>malus</span> <span class='ocrx_word' id='word_1_35' title='bbox 616 1190 694 1256; x_wconf 87' lang='lat' dir='ltr'>navi</span> <span class='ocrx_word' id='word_1_36' title='bbox 716 1191 750 1254; x_wconf 92' lang='lat' dir='ltr'>in</span> <span class='ocrx_word' id='word_1_37' title='bbox 773 1192 897 1257; x_wconf 86' lang='lat' dir='ltr'>corbita</span> <span class='ocrx_word' id='word_1_38' title='bbox 918 1193 1076 1259; x_wconf 88' lang='lat' dir='ltr'>maximus</span> <span class='ocrx_word' id='word_1_39' title='bbox 1098 1194 1177 1259; x_wconf 90' lang='lat' dir='ltr'>nlla.</span> 
     </span>
    </p>
   </div>
   <div class='ocr_carea' id='block_1_5' title="bbox 313 1379 1293 1466">
    <p class='ocr_par' dir='ltr' id='par_1_6' title="bbox 313 1379 1293 1466">
     <span class='ocr_line' id='line_1_8' title="bbox 313 1379 1293 1466; baseline -0.001 -18"><span class='ocrx_word' id='word_1_40' title='bbox 313 1458 315 1463; x_wconf 67' lang='lat'>,</span> <span class='ocrx_word' id='word_1_41' title='bbox 370 1381 430 1448; x_wconf 87' lang='lat' dir='ltr'>soit</span> <span class='ocrx_word' id='word_1_42' title='bbox 453 1379 622 1464; x_wconf 83' lang='lat' dir='ltr'>poeotioon</span> <span class='ocrx_word' id='word_1_43' title='bbox 644 1397 725 1463; x_wconf 85' lang='lat' dir='ltr'>osse,</span> <span class='ocrx_word' id='word_1_44' title='bbox 749 1379 837 1446; x_wconf 85' lang='lat' dir='ltr'>videt</span> <span class='ocrx_word' id='word_1_45' title='bbox 858 1380 967 1447; x_wconf 87' lang='lat' dir='ltr'>tunica</span> <span class='ocrx_word' id='word_1_46' title='bbox 988 1390 1020 1447; x_wconf 86' lang='lat' dir='ltr'>et</span> <span class='ocrx_word' id='word_1_47' title='bbox 1042 1387 1119 1463; x_wconf 81' lang='lat' dir='ltr'>toga</span> <span class='ocrx_word' id='word_1_48' title='bbox 1142 1383 1220 1466; x_wconf 89' lang='lat' dir='ltr'>qnid</span> <span class='ocrx_word' id='word_1_49' title='bbox 1242 1383 1293 1447; x_wconf 89' lang='lat' dir='ltr'>sit.</span> 
     </span>
    </p>
   </div>
   <div class='ocr_carea' id='block_1_6' title="bbox 282 1566 1224 1759">
    <p class='ocr_par' dir='ltr' id='par_1_7' title="bbox 282 1566 1224 1759">
     <span class='ocr_line' id='line_1_9' title="bbox 370 1566 1224 1654; baseline 0.001 -20"><span class='ocrx_word' id='word_1_50' title='bbox 370 1568 520 1654; x_wconf 78' lang='lat' dir='ltr'>paenula,</span> <span class='ocrx_word' id='word_1_51' title='bbox 542 1569 571 1633; x_wconf 84' lang='lat' dir='ltr'>si</span> <span class='ocrx_word' id='word_1_52' title='bbox 594 1566 732 1650; x_wconf 66' lang='lat' dir='ltr'>quaeris</span> <span class='ocrx_word' id='word_1_53' title='bbox 757 1567 930 1633; x_wconf 84' lang='lat' dir='ltr'>cantheriu&#39;</span> <span class='ocrx_word' id='word_1_54' title='bbox 953 1568 1059 1635; x_wconf 85' lang='lat' dir='ltr'>servu’</span> <span class='ocrx_word' id='word_1_55' title='bbox 1081 1575 1224 1652; x_wconf 79' lang='lat' dir='ltr'>segestro</span> 
     </span>
     <span class='ocr_line' id='line_1_10' title="bbox 282 1668 977 1759; baseline -0.003 -22"><span class='ocrx_word' id='word_1_56' title='bbox 282 1679 333 1759; x_wconf 77' lang='grc'>445</span> <span class='ocrx_word' id='word_1_57' title='bbox 369 1671 500 1737; x_wconf 86' lang='lat' dir='ltr'>utiliora</span> <span class='ocrx_word' id='word_1_58' title='bbox 521 1668 602 1756; x_wconf 91' lang='lat' dir='ltr'>mihi</span> <span class='ocrx_word' id='word_1_59' title='bbox 621 1674 694 1734; x_wconf 90' lang='lat' dir='ltr'>sunt</span> <span class='ocrx_word' id='word_1_60' title='bbox 716 1689 813 1752; x_wconf 88' lang='lat' dir='ltr'>quam</span> <span class='ocrx_word' id='word_1_61' title='bbox 836 1671 977 1755; x_wconf 85' lang='lat' dir='ltr'>sapiens.</span> 
     </span>
    </p>
   </div>
   <div class='ocr_carea' id='block_1_7' title="bbox 370 1856 1232 1939">
    <p class='ocr_par' dir='ltr' id='par_1_8' title="bbox 370 1856 1232 1939">
     <span class='ocr_line' id='line_1_11' title="bbox 370 1856 1232 1939; baseline 0.001 -15"><span class='ocrx_word' id='word_1_62' title='bbox 370 1880 440 1925; x_wconf 89' lang='lat' dir='ltr'>oum</span> <span class='ocrx_word' id='word_1_63' title='bbox 463 1862 566 1922; x_wconf 84' lang='lat' dir='ltr'>tecum</span> <span class='ocrx_word' id='word_1_64' title='bbox 590 1861 646 1939; x_wconf 85' lang='lat' dir='ltr'>est,</span> <span class='ocrx_word' id='word_1_65' title='bbox 669 1856 798 1938; x_wconf 89' lang='lat' dir='ltr'>quidvis</span> <span class='ocrx_word' id='word_1_66' title='bbox 821 1857 901 1921; x_wconf 83' lang='lat' dir='ltr'>satis</span> <span class='ocrx_word' id='word_1_67' title='bbox 925 1863 988 1922; x_wconf 84' lang='lat' dir='ltr'>ost:</span> <span class='ocrx_word' id='word_1_68' title='bbox 1010 1858 1111 1924; x_wconf 89' lang='lat' dir='ltr'>visuri</span> <span class='ocrx_word' id='word_1_69' title='bbox 1134 1860 1232 1925; x_wconf 84' lang='lat' dir='ltr'>alieni</span> 
     </span>
    </p>
   </div>
   <div class='ocr_carea' id='block_1_8' title="bbox 261 2018 472 2040">
    <p class='ocr_par' dir='ltr' id='par_1_9' title="bbox 261 2018 472 2040">
     <span class='ocr_line' id='line_1_12' title="bbox 261 2018 472 2040; baseline -0.014 0"><span class='ocrx_word' id='word_1_70' title='bbox 261 2018 472 2040; x_wconf 45' lang='grc' dir='ltr'>*Ι</span> 
     </span>
    </p>
   </div>
   <div class='ocr_carea' id='block_1_9' title="bbox 261 2108 1471 2762">
    <p class='ocr_par' dir='ltr' id='par_1_10' title="bbox 261 2108 1471 2666">
     <span class='ocr_line' id='line_1_13' title="bbox 340 2108 1470 2205; baseline 0.002 -27"><span class='ocrx_word' id='word_1_71' title='bbox 340 2123 407 2182; x_wconf 75' lang='grc'><strong>437.</strong></span> <span class='ocrx_word' id='word_1_72' title='bbox 449 2108 564 2180; x_wconf 85' lang='lat' dir='ltr'>Nonius</span> <span class='ocrx_word' id='word_1_73' title='bbox 590 2137 619 2197; x_wconf 92' lang='lat' dir='ltr'>p.</span> <span class='ocrx_word' id='word_1_74' title='bbox 633 2117 735 2192; x_wconf 65' lang='lat' dir='ltr'>alat</span> <span class='ocrx_word' id='word_1_75' title='bbox 765 2118 969 2194; x_wconf 84' lang='lat' dir='ltr'>“Ergastilum</span> <span class='ocrx_word' id='word_1_76' title='bbox 996 2125 1027 2181; x_wconf 89' lang='lat' dir='ltr'>et</span> <span class='ocrx_word' id='word_1_77' title='bbox 1052 2122 1212 2205; x_wconf 84' lang='lat' dir='ltr'>ergastilns</span> <span class='ocrx_word' id='word_1_78' title='bbox 1238 2129 1279 2182; x_wconf 83' lang='grc'><strong>45·</strong></span> <span class='ocrx_word' id='word_1_79' title='bbox 1296 2140 1407 2200; x_wconf 82' lang='lat' dir='ltr'>genere</span> <span class='ocrx_word' id='word_1_80' title='bbox 1431 2123 1470 2181; x_wconf 88' lang='lat' dir='ltr'>ita</span> 
     </span>
     <span class='ocr_line' id='line_1_14' title="bbox 264 2215 1469 2288; baseline -0.005 -10"><span class='ocrx_word' id='word_1_81' title='bbox 264 2218 466 2278; x_wconf 86' lang='lat' dir='ltr'>intollectibus</span> <span class='ocrx_word' id='word_1_82' title='bbox 487 2215 638 2274; x_wconf 86' lang='lat' dir='ltr'>differunt:</span> <span class='ocrx_word' id='word_1_83' title='bbox 658 2232 726 2272; x_wconf 89' lang='lat' dir='ltr'>nam</span> <span class='ocrx_word' id='word_1_84' title='bbox 746 2221 850 2273; x_wconf 80' lang='lat' dir='ltr'>neutro</span> <span class='ocrx_word' id='word_1_85' title='bbox 871 2217 998 2274; x_wconf 86' lang='lat' dir='ltr'>carceris</span> <span class='ocrx_word' id='word_1_86' title='bbox 1018 2217 1102 2274; x_wconf 90' lang='lat' dir='ltr'>locus</span> <span class='ocrx_word' id='word_1_87' title='bbox 1116 2222 1173 2288; x_wconf 83' lang='lat' dir='ltr'>est,</span> <span class='ocrx_word' id='word_1_88' title='bbox 1195 2218 1359 2275; x_wconf 87' lang='lat' dir='ltr'>masculino</span> <span class='ocrx_word' id='word_1_89' title='bbox 1374 2223 1469 2275; x_wconf 88' lang='lat' dir='ltr'>custos</span> 
     </span>
     <span class='ocr_line' id='line_1_15' title="bbox 261 2308 1471 2390; baseline -0.002 -19"><span class='ocrx_word' id='word_1_90' title='bbox 261 2313 398 2390; x_wconf 83' lang='lat' dir='ltr'>poenalis</span> <span class='ocrx_word' id='word_1_91' title='bbox 415 2309 481 2368; x_wconf 91' lang='lat' dir='ltr'>loci.</span> <span class='ocrx_word' id='word_1_92' title='bbox 516 2308 649 2366; x_wconf 81' lang='lat' dir='ltr'>Lucilius</span> <span class='ocrx_word' id='word_1_93' title='bbox 670 2309 720 2366; x_wconf 92' lang='lat' dir='ltr'>lib.</span> <span class='ocrx_word' id='word_1_94' title='bbox 736 2327 776 2364; x_wconf 88' lang='lat' dir='ltr'>xv</span> <span class='ocrx_word' id='word_1_95' title='bbox 797 2308 866 2366; x_wconf 74' lang='lat' dir='ltr'>‘non</span> <span class='ocrx_word' id='word_1_96' title='bbox 888 2310 1046 2383; x_wconf 84' lang='lat' dir='ltr'>ergastilns</span> <span class='ocrx_word' id='word_1_97' title='bbox 1068 2310 1160 2368; x_wconf 82' lang='lat' dir='ltr'>nnns’.</span> <span class='ocrx_word' id='word_1_98' title='bbox 1190 2316 1219 2369; x_wconf 91' lang='lat' dir='ltr'>et</span> <span class='ocrx_word' id='word_1_99' title='bbox 1240 2312 1315 2369; x_wconf 87' lang='lat' dir='ltr'>alius</span> <span class='ocrx_word' id='word_1_100' title='bbox 1336 2310 1471 2369; x_wconf 84' lang='lat' dir='ltr'>‘iudicem</span> 
     </span>
     <span class='ocr_line' id='line_1_16' title="bbox 263 2402 1471 2481; baseline -0.001 -17"><span class='ocrx_word' id='word_1_101' title='bbox 263 2409 400 2476; x_wconf 74' lang='lat' dir='ltr'>(iadicem)</span> <span class='ocrx_word' id='word_1_102' title='bbox 424 2402 573 2478; x_wconf 81' lang='lat' dir='ltr'>adposuit,</span> <span class='ocrx_word' id='word_1_103' title='bbox 594 2407 629 2460; x_wconf 89' lang='lat' dir='ltr'>nt</span> <span class='ocrx_word' id='word_1_104' title='bbox 648 2419 731 2460; x_wconf 84' lang='lat' dir='ltr'>nemo</span> <span class='ocrx_word' id='word_1_105' title='bbox 753 2403 929 2462; x_wconf 79' lang='lat' dir='ltr'>sententiam</span> <span class='ocrx_word' id='word_1_106' title='bbox 949 2403 1051 2478; x_wconf 85' lang='lat' dir='ltr'>libere,</span> <span class='ocrx_word' id='word_1_107' title='bbox 1072 2405 1158 2479; x_wconf 85' lang='lat' dir='ltr'>quusi</span> <span class='ocrx_word' id='word_1_108' title='bbox 1179 2405 1355 2478; x_wconf 86' lang='lat' dir='ltr'>ergastilns,</span> <span class='ocrx_word' id='word_1_109' title='bbox 1377 2405 1471 2481; x_wconf 85' lang='lat' dir='ltr'>possit</span> 
     </span>
     <span class='ocr_line' id='line_1_17' title="bbox 262 2495 1470 2574; baseline -0.002 -16"><span class='ocrx_word' id='word_1_110' title='bbox 262 2499 395 2558; x_wconf 88' lang='lat' dir='ltr'>diocre’.’&#39;</span> <span class='ocrx_word' id='word_1_111' title='bbox 425 2498 469 2555; x_wconf 87' lang='lat' dir='ltr'>ita</span> <span class='ocrx_word' id='word_1_112' title='bbox 487 2496 561 2553; x_wconf 83' lang='lat' dir='ltr'>haec</span> <span class='ocrx_word' id='word_1_113' title='bbox 583 2495 718 2554; x_wconf 85' lang='lat' dir='ltr'>distinxit</span> <span class='ocrx_word' id='word_1_114' title='bbox 737 2496 858 2572; x_wconf 86' lang='lat' dir='ltr'>Lipsius</span> <span class='ocrx_word' id='word_1_115' title='bbox 880 2497 909 2555; x_wconf 86' lang='lat' dir='ltr'>in</span> <span class='ocrx_word' id='word_1_116' title='bbox 931 2497 1089 2555; x_wconf 87' lang='lat' dir='ltr'>electorum</span> <span class='ocrx_word' id='word_1_117' title='bbox 1108 2498 1185 2556; x_wconf 89' lang='lat' dir='ltr'>libro</span> <span class='ocrx_word' id='word_1_118' title='bbox 1200 2517 1233 2569; x_wconf 84' lang='lat' dir='ltr'>rr,</span> <span class='ocrx_word' id='word_1_119' title='bbox 1252 2500 1299 2570; x_wconf 81' lang='lat'>153</span> <span class='ocrx_word' id='word_1_120' title='bbox 1321 2499 1373 2574; x_wconf 91' lang='lat' dir='ltr'>qui</span> <span class='ocrx_word' id='word_1_121' title='bbox 1393 2507 1470 2558; x_wconf 84' lang='lat' dir='ltr'>recto</span> 
     </span>
     <span class='ocr_line' id='line_1_18' title="bbox 261 2589 1155 2666; baseline -0.004 -14"><span class='ocrx_word' id='word_1_122' title='bbox 261 2594 334 2653; x_wconf 83' lang='lat' dir='ltr'>dicit</span> <span class='ocrx_word' id='word_1_123' title='bbox 353 2591 535 2666; x_wconf 83' lang='lat' dir='ltr'>ergastulum</span> <span class='ocrx_word' id='word_1_124' title='bbox 557 2606 623 2648; x_wconf 84' lang='lat' dir='ltr'>esse</span> <span class='ocrx_word' id='word_1_125' title='bbox 644 2589 741 2664; x_wconf 88' lang='lat' dir='ltr'>ipsum</span> <span class='ocrx_word' id='word_1_126' title='bbox 763 2608 889 2662; x_wconf 85' lang='lat' dir='ltr'>servum,</span> <span class='ocrx_word' id='word_1_127' title='bbox 913 2608 970 2647; x_wconf 89' lang='lat' dir='ltr'>non</span> <span class='ocrx_word' id='word_1_128' title='bbox 992 2589 1155 2649; x_wconf 83' lang='lat' dir='ltr'>custodem.</span> 
     </span>
    </p>

    <p class='ocr_par' dir='ltr' id='par_1_11' title="bbox 335 2681 1468 2762">
     <span class='ocr_line' id='line_1_19' title="bbox 335 2681 1468 2762; baseline 0.002 -17"><span class='ocrx_word' id='word_1_129' title='bbox 335 2689 402 2745; x_wconf 84' lang='lat'>438.</span> <span class='ocrx_word' id='word_1_130' title='bbox 442 2683 558 2742; x_wconf 90' lang='lat' dir='ltr'>Nonius</span> <span class='ocrx_word' id='word_1_131' title='bbox 584 2701 614 2759; x_wconf 91' lang='lat' dir='ltr'>p.</span> <span class='ocrx_word' id='word_1_132' title='bbox 628 2683 701 2753; x_wconf 84' lang='lat'><strong>490,</strong></span> <span class='ocrx_word' id='word_1_133' title='bbox 723 2685 760 2740; x_wconf 79' lang='lat'>23</span> <span class='ocrx_word' id='word_1_134' title='bbox 781 2681 977 2742; x_wconf 80' lang='lat' dir='ltr'>“Holerorum</span> <span class='ocrx_word' id='word_1_135' title='bbox 998 2701 1053 2758; x_wconf 88' lang='lat' dir='ltr'>pro</span> <span class='ocrx_word' id='word_1_136' title='bbox 1077 2684 1208 2742; x_wconf 86' lang='lat' dir='ltr'>holerum</span> <span class='ocrx_word' id='word_1_137' title='bbox 1231 2685 1366 2744; x_wconf 86' lang='lat' dir='ltr'>Lucilius</span> <span class='ocrx_word' id='word_1_138' title='bbox 1393 2690 1468 2762; x_wconf 86' lang='lat' dir='ltr'>saty-</span> 
     </span>
    </p>
   </div>
   <div class='ocr_carea' id='block_1_10' title="bbox 142 2775 1013 2861">
    <p class='ocr_par' dir='ltr' id='par_1_12' title="bbox 142 2775 1013 2861">
     <span class='ocr_line' id='line_1_20' title="bbox 142 2775 1013 2861; baseline -0.008 -20"><span class='ocrx_word' id='word_1_139' title='bbox 142 2856 144 2861; x_wconf 7' lang='grc' dir='ltr'>η</span> <span class='ocrx_word' id='word_1_140' title='bbox 259 2798 358 2841; x_wconf 81' lang='lat' dir='ltr'>rarum</span> <span class='ocrx_word' id='word_1_141' title='bbox 377 2779 428 2837; x_wconf 91' lang='lat' dir='ltr'>lib.</span> <span class='ocrx_word' id='word_1_142' title='bbox 443 2796 484 2833; x_wconf 89' lang='lat' dir='ltr'>xv</span> <span class='ocrx_word' id='word_1_143' title='bbox 504 2775 740 2834; x_wconf 81' lang='lat' dir='ltr'>‘tintinnabulum</span> <span class='ocrx_word' id='word_1_144' title='bbox 756 2777 1013 2836; x_wconf 87' lang='lat' dir='ltr'>...holerorum&#39;.”</span> 
     </span>
    </p>
   </div>
   <div class='ocr_carea' id='block_1_11' title="bbox 259 2869 1471 3417">
    <p class='ocr_par' dir='ltr' id='par_1_13' title="bbox 259 2869 1471 3132">
     <span class='ocr_line' id='line_1_21' title="bbox 335 2869 1471 2947; baseline 0.003 -16"><span class='ocrx_word' id='word_1_145' title='bbox 335 2875 402 2931; x_wconf 88' lang='grc'><strong>439.</strong></span> <span class='ocrx_word' id='word_1_146' title='bbox 442 2870 557 2928; x_wconf 91' lang='lat' dir='ltr'>Nonius</span> <span class='ocrx_word' id='word_1_147' title='bbox 583 2890 612 2947; x_wconf 92' lang='lat' dir='ltr'>p.</span> <span class='ocrx_word' id='word_1_148' title='bbox 629 2873 701 2942; x_wconf 83' lang='lat'>533,</span> <span class='ocrx_word' id='word_1_149' title='bbox 726 2872 762 2929; x_wconf 86' lang='lat'>14</span> <span class='ocrx_word' id='word_1_150' title='bbox 786 2869 942 2931; x_wconf 81' lang='lat' dir='ltr'>“Corbita</span> <span class='ocrx_word' id='word_1_151' title='bbox 968 2878 1014 2929; x_wconf 84' lang='lat' dir='ltr'>est</span> <span class='ocrx_word' id='word_1_152' title='bbox 1040 2888 1135 2944; x_wconf 80' lang='lat' dir='ltr'>genus</span> <span class='ocrx_word' id='word_1_153' title='bbox 1162 2873 1273 2946; x_wconf 88' lang='lat' dir='ltr'>navigii</span> <span class='ocrx_word' id='word_1_154' title='bbox 1298 2874 1419 2934; x_wconf 86' lang='lat' dir='ltr'>tardum</span> <span class='ocrx_word' id='word_1_155' title='bbox 1443 2881 1471 2934; x_wconf 88' lang='lat' dir='ltr'>et</span> 
     </span>
     <span class='ocr_line' id='line_1_22' title="bbox 259 2965 1469 3045; baseline 0.002 -19"><span class='ocrx_word' id='word_1_156' title='bbox 259 2966 382 3042; x_wconf 80' lang='lat' dir='ltr'>grande.</span> <span class='ocrx_word' id='word_1_157' title='bbox 405 3010 451 3024; x_wconf 91' lang='lat'>...</span> <span class='ocrx_word' id='word_1_158' title='bbox 467 2965 600 3023; x_wconf 88' lang='lat' dir='ltr'>Lucilius</span> <span class='ocrx_word' id='word_1_159' title='bbox 615 2968 780 3040; x_wconf 81' lang='lat' dir='ltr'>satyrarum</span> <span class='ocrx_word' id='word_1_160' title='bbox 801 2965 852 3023; x_wconf 76' lang='lat' dir='ltr'>lib.</span> <span class='ocrx_word' id='word_1_161' title='bbox 863 2985 904 3022; x_wconf 89' lang='lat' dir='ltr'>xv</span> <span class='ocrx_word' id='word_1_162' title='bbox 926 2965 1288 3024; x_wconf 75' lang='lat' dir='ltr'>‘multa...vuns1rrcara</span> <span class='ocrx_word' id='word_1_163' title='bbox 1310 2967 1395 3043; x_wconf 70' lang='lat' dir='ltr'>(versi</span> <span class='ocrx_word' id='word_1_164' title='bbox 1402 2973 1469 3045; x_wconf 85' lang='lat' dir='ltr'>ficta</span> 
     </span>
     <span class='ocr_line' id='line_1_23' title="bbox 259 3057 1046 3132; baseline -0.003 -14"><span class='ocrx_word' id='word_1_165' title='bbox 259 3057 433 3132; x_wconf 84' lang='lat' dir='ltr'>Leidensis)</span> <span class='ocrx_word' id='word_1_166' title='bbox 448 3103 455 3116; x_wconf 91' lang='lat'>.</span> <span class='ocrx_word' id='word_1_167' title='bbox 469 3103 475 3116; x_wconf 99' lang='lat'>.</span> <span class='ocrx_word' id='word_1_168' title='bbox 488 3103 494 3116; x_wconf 97' lang='lat'>.</span> <span class='ocrx_word' id='word_1_169' title='bbox 507 3059 668 3115; x_wconf 79' lang='lat' dir='ltr'>bacclciltura</span> <span class='ocrx_word' id='word_1_170' title='bbox 682 3103 689 3116; x_wconf 91' lang='lat'>.</span> <span class='ocrx_word' id='word_1_171' title='bbox 701 3103 708 3116; x_wconf 91' lang='lat'>.</span> <span class='ocrx_word' id='word_1_172' title='bbox 722 3077 830 3116; x_wconf 76' lang='lat' dir='ltr'>.rvav1s</span> <span class='ocrx_word' id='word_1_173' title='bbox 851 3060 879 3116; x_wconf 90' lang='lat' dir='ltr'>in</span> <span class='ocrx_word' id='word_1_174' title='bbox 895 3104 938 3117; x_wconf 93' lang='lat'>...</span> <span class='ocrx_word' id='word_1_175' title='bbox 952 3058 1046 3116; x_wconf 82' lang='lat' dir='ltr'>ulln&#39;.”</span> 
     </span>
    </p>

    <p class='ocr_par' dir='ltr' id='par_1_14' title="bbox 261 3151 1469 3320">
     <span class='ocr_line' id='line_1_24' title="bbox 336 3151 1469 3226; baseline 0.005 -16"><span class='ocrx_word' id='word_1_176' title='bbox 336 3154 403 3211; x_wconf 88' lang='lat'>443.</span> <span class='ocrx_word' id='word_1_177' title='bbox 444 3152 560 3211; x_wconf 90' lang='lat' dir='ltr'>Nonius</span> <span class='ocrx_word' id='word_1_178' title='bbox 586 3170 616 3226; x_wconf 90' lang='lat' dir='ltr'>p.</span> <span class='ocrx_word' id='word_1_179' title='bbox 631 3153 702 3223; x_wconf 85' lang='grc'><strong>536,</strong></span> <span class='ocrx_word' id='word_1_180' title='bbox 721 3154 758 3211; x_wconf 83' lang='grc'><strong>23</strong></span> <span class='ocrx_word' id='word_1_181' title='bbox 784 3151 921 3210; x_wconf 83' lang='lat' dir='ltr'>“Tunica</span> <span class='ocrx_word' id='word_1_182' title='bbox 946 3155 992 3208; x_wconf 86' lang='lat' dir='ltr'>cst</span> <span class='ocrx_word' id='word_1_183' title='bbox 1017 3151 1222 3212; x_wconf 83' lang='lat' dir='ltr'>vestimentum</span> <span class='ocrx_word' id='word_1_184' title='bbox 1248 3155 1310 3213; x_wconf 89' lang='lat' dir='ltr'>sine</span> <span class='ocrx_word' id='word_1_185' title='bbox 1336 3157 1469 3216; x_wconf 87' lang='lat' dir='ltr'>manicis.</span> 
     </span>
     <span class='ocr_line' id='line_1_25' title="bbox 261 3243 1114 3320; baseline -0.004 -14"><span class='ocrx_word' id='word_1_186' title='bbox 261 3291 267 3306; x_wconf 88' lang='lat'>.</span> <span class='ocrx_word' id='word_1_187' title='bbox 282 3291 289 3305; x_wconf 97' lang='lat'>.</span> <span class='ocrx_word' id='word_1_188' title='bbox 303 3247 399 3305; x_wconf 86' lang='lat' dir='ltr'>.idem</span> <span class='ocrx_word' id='word_1_189' title='bbox 418 3245 470 3304; x_wconf 88' lang='lat' dir='ltr'>lib.</span> <span class='ocrx_word' id='word_1_190' title='bbox 484 3263 525 3301; x_wconf 89' lang='lat' dir='ltr'>xv</span> <span class='ocrx_word' id='word_1_191' title='bbox 546 3243 613 3303; x_wconf 86' lang='lat' dir='ltr'>‘scit</span> <span class='ocrx_word' id='word_1_192' title='bbox 627 3249 757 3320; x_wconf 68' lang='grc' dir='ltr'>Δ44455444</span> <span class='ocrx_word' id='word_1_193' title='bbox 771 3291 777 3304; x_wconf 90' lang='grc'><strong>.</strong></span> <span class='ocrx_word' id='word_1_194' title='bbox 790 3291 796 3304; x_wconf 97' lang='grc'><strong>.</strong></span> <span class='ocrx_word' id='word_1_195' title='bbox 810 3292 815 3304; x_wconf 95' lang='grc'><strong>.</strong></span> <span class='ocrx_word' id='word_1_196' title='bbox 827 3263 967 3302; x_wconf 78' lang='lat' dir='ltr'>rurvrcau</span> <span class='ocrx_word' id='word_1_197' title='bbox 984 3245 1114 3304; x_wconf 88' lang='lat' dir='ltr'>...sit&#39;.”</span> 
     </span>
    </p>

    <p class='ocr_par' dir='ltr' id='par_1_15' title="bbox 336 3338 1469 3417">
     <span class='ocr_line' id='line_1_26' title="bbox 336 3338 1469 3417; baseline 0.006 -20"><span class='ocrx_word' id='word_1_198' title='bbox 336 3341 403 3398; x_wconf 92' lang='lat'>444.</span> <span class='ocrx_word' id='word_1_199' title='bbox 443 3338 561 3397; x_wconf 90' lang='lat' dir='ltr'>Nonius</span> <span class='ocrx_word' id='word_1_200' title='bbox 575 3356 605 3414; x_wconf 94' lang='lat' dir='ltr'>p.</span> <span class='ocrx_word' id='word_1_201' title='bbox 614 3338 680 3410; x_wconf 75' lang='grc'><strong>537,</strong></span> <span class='ocrx_word' id='word_1_202' title='bbox 694 3342 711 3398; x_wconf 87' lang='grc'>9</span> <span class='ocrx_word' id='word_1_203' title='bbox 727 3339 880 3399; x_wconf 82' lang='lat' dir='ltr'>“Paenula</span> <span class='ocrx_word' id='word_1_204' title='bbox 891 3346 938 3397; x_wconf 86' lang='lat' dir='ltr'>cst</span> <span class='ocrx_word' id='word_1_205' title='bbox 948 3339 1038 3397; x_wconf 86' lang='lat' dir='ltr'>vestis</span> <span class='ocrx_word' id='word_1_206' title='bbox 1051 3358 1137 3415; x_wconf 86' lang='lat' dir='ltr'>quam</span> <span class='ocrx_word' id='word_1_207' title='bbox 1150 3359 1241 3417; x_wconf 83' lang='lat' dir='ltr'>supra</span> <span class='ocrx_word' id='word_1_208' title='bbox 1252 3342 1384 3402; x_wconf 82' lang='lat' dir='ltr'>tunicam</span> <span class='ocrx_word' id='word_1_209' title='bbox 1395 3345 1469 3404; x_wconf 88' lang='lat' dir='ltr'>acci·</span> 
     </span>
    </p>
   </div>
   <div class='ocr_carea' id='block_1_12' title="bbox 174 3431 1468 3510">
    <p class='ocr_par' dir='ltr' id='par_1_16' title="bbox 174 3431 1468 3510">
     <span class='ocr_line' id='line_1_27' title="bbox 174 3431 1468 3510; baseline 0.002 -18"><span class='ocrx_word' id='word_1_210' title='bbox 174 3469 177 3474; x_wconf 90' lang='lat'><em>·</em></span> <span class='ocrx_word' id='word_1_211' title='bbox 257 3434 364 3510; x_wconf 88' lang='lat' dir='ltr'>pimus.</span> <span class='ocrx_word' id='word_1_212' title='bbox 387 3477 412 3492; x_wconf 91' lang='lat'>..</span> <span class='ocrx_word' id='word_1_213' title='bbox 426 3477 432 3492; x_wconf 88' lang='lat'>.</span> <span class='ocrx_word' id='word_1_214' title='bbox 448 3431 581 3492; x_wconf 80' lang='lat' dir='ltr'>Lucilius</span> <span class='ocrx_word' id='word_1_215' title='bbox 597 3440 761 3509; x_wconf 84' lang='lat' dir='ltr'>satyrarum</span> <span class='ocrx_word' id='word_1_216' title='bbox 780 3434 831 3492; x_wconf 92' lang='lat' dir='ltr'>lib.</span> <span class='ocrx_word' id='word_1_217' title='bbox 843 3452 883 3490; x_wconf 93' lang='lat' dir='ltr'>xv</span> <span class='ocrx_word' id='word_1_218' title='bbox 905 3432 1078 3490; x_wconf 76' lang='lat' dir='ltr'>‘ranuunau</span> <span class='ocrx_word' id='word_1_219' title='bbox 1094 3454 1282 3493; x_wconf 79' lang='lat' dir='ltr'>...urrnron</span> <span class='ocrx_word' id='word_1_220' title='bbox 1296 3437 1370 3496; x_wconf 90' lang='lat' dir='ltr'>mihi</span> <span class='ocrx_word' id='word_1_221' title='bbox 1384 3455 1468 3498; x_wconf 74' lang='lat' dir='ltr'>ausu</span> 
     </span>
    </p>
   </div>
   <div class='ocr_carea' id='block_1_13' title="bbox 228 3526 1469 3700">
    <p class='ocr_par' dir='ltr' id='par_1_17' title="bbox 228 3526 1469 3700">
     <span class='ocr_line' id='line_1_28' title="bbox 261 3526 416 3586; baseline -0.013 0"><span class='ocrx_word' id='word_1_222' title='bbox 261 3545 295 3586; x_wconf 87' lang='lat' dir='ltr'>sa</span> <span class='ocrx_word' id='word_1_223' title='bbox 317 3526 416 3585; x_wconf 86' lang='lat' dir='ltr'>rous&#39;.”</span> 
     </span>
     <span class='ocr_line' id='line_1_29' title="bbox 228 3546 1469 3700; baseline 0.005 -22"><span class='ocrx_word' id='word_1_224' title='bbox 228 3653 230 3657; x_wconf 94' lang='lat'>·</span> <span class='ocrx_word' id='word_1_225' title='bbox 295 3546 315 3603; x_wconf 75' lang='lat' dir='ltr'>p</span> <span class='ocrx_word' id='word_1_226' title='bbox 333 3621 400 3680; x_wconf 87' lang='grc'><strong>446.</strong></span> <span class='ocrx_word' id='word_1_227' title='bbox 439 3619 557 3680; x_wconf 86' lang='lat' dir='ltr'>Nonius</span> <span class='ocrx_word' id='word_1_228' title='bbox 578 3639 607 3696; x_wconf 91' lang='lat' dir='ltr'>p.</span> <span class='ocrx_word' id='word_1_229' title='bbox 622 3622 720 3694; x_wconf 81' lang='lat'><strong>538,2</strong></span> <span class='ocrx_word' id='word_1_230' title='bbox 741 3617 852 3678; x_wconf 87' lang='lat' dir='ltr'>“Palla</span> <span class='ocrx_word' id='word_1_231' title='bbox 873 3630 918 3681; x_wconf 86' lang='lat' dir='ltr'>est</span> <span class='ocrx_word' id='word_1_232' title='bbox 938 3621 1081 3682; x_wconf 84' lang='lat' dir='ltr'>honostao</span> <span class='ocrx_word' id='word_1_233' title='bbox 1102 3621 1229 3680; x_wconf 83' lang='lat' dir='ltr'>mulieris</span> <span class='ocrx_word' id='word_1_234' title='bbox 1252 3625 1469 3700; x_wconf 83' lang='lat' dir='ltr'>vestimentum,</span> 
     </span>
    </p>
   </div>
   <div class='ocr_carea' id='block_1_14' title="bbox 258 3757 486 3771">
    <p class='ocr_par' dir='ltr' id='par_1_18' title="bbox 258 3757 486 3771">
     <span class='ocr_line' id='line_1_30' title="bbox 258 3757 486 3771; baseline -0.013 0"><span class='ocrx_word' id='word_1_235' title='bbox 258 3757 460 3771; x_wconf 47' lang='grc' dir='ltr'>*ιι-..ι-</span> <span class='ocrx_word' id='word_1_236' title='bbox 485 3758 486 3762; x_wconf 61' lang='lat'>¹</span> 
     </span>
    </p>
   </div>
   <div class='ocr_carea' id='block_1_15' title="bbox 256 3828 1471 3991">
    <p class='ocr_par' dir='ltr' id='par_1_19' title="bbox 256 3828 1471 3991">
     <span class='ocr_line' id='line_1_31' title="bbox 333 3828 1471 3930; baseline 0.002 -36"><span class='ocrx_word' id='word_1_237' title='bbox 333 3836 399 3895; x_wconf 87' lang='grc'>433.</span> <span class='ocrx_word' id='word_1_238' title='bbox 442 3833 508 3892; x_wconf 93' lang='lat' dir='ltr'>Ins</span> <span class='ocrx_word' id='word_1_239' title='bbox 496 3840 694 3930; x_wconf 86' lang='lat' dir='ltr'>rumentum,</span> <span class='ocrx_word' id='word_1_240' title='bbox 702 3833 758 3892; x_wconf 92' lang='lat' dir='ltr'>nisi</span> <span class='ocrx_word' id='word_1_241' title='bbox 778 3834 874 3930; x_wconf 84' lang='lat' dir='ltr'>fallor,</span> <span class='ocrx_word' id='word_1_242' title='bbox 897 3835 1053 3909; x_wconf 84' lang='lat' dir='ltr'>gallorum</span> <span class='ocrx_word' id='word_1_243' title='bbox 1093 3853 1161 3894; x_wconf 86' lang='lat' dir='ltr'>narn</span> <span class='ocrx_word' id='word_1_244' title='bbox 1182 3832 1228 3904; x_wconf 78' lang='grc' dir='ltr'>τίς</span> <span class='ocrx_word' id='word_1_245' title='bbox 1249 3828 1305 3893; x_wconf 75' lang='grc' dir='ltr'>οὐκ</span> <span class='ocrx_word' id='word_1_246' title='bbox 1327 3831 1471 3913; x_wconf 75' lang='grc' dir='ltr'><em>ἀπαρχὰς</em></span> 
     </span>
     <span class='ocr_line' id='line_1_32' title="bbox 256 3905 1470 3991; baseline 0.003 -21"><span class='ocrx_word' id='word_1_247' title='bbox 256 3906 395 3988; x_wconf 80' lang='grc' dir='ltr'>ὀσπρίων</span> <span class='ocrx_word' id='word_1_248' title='bbox 421 3931 453 3970; x_wconf 82' lang='grc' dir='ltr'>τε</span> <span class='ocrx_word' id='word_1_249' title='bbox 479 3908 530 3968; x_wconf 77' lang='grc' dir='ltr'>καὶ</span> <span class='ocrx_word' id='word_1_250' title='bbox 556 3905 694 3969; x_wconf 75' lang='grc' dir='ltr'>σίτωνι</span> <span class='ocrx_word' id='word_1_251' title='bbox 676 3911 759 3990; x_wconf 59' lang='lat' dir='ltr'>cyrci</span> <span class='ocrx_word' id='word_1_252' title='bbox 784 3908 887 3987; x_wconf 70' lang='grc' dir='ltr'><em>φέρων</em></span> <span class='ocrx_word' id='word_1_253' title='bbox 913 3911 1023 3971; x_wconf 74' lang='lat' dir='ltr'>ollam</span> <span class='ocrx_word' id='word_1_254' title='bbox 1050 3906 1200 3992; x_wconf 70' lang='lat' dir='ltr'>carpentium</span> <span class='ocrx_word' id='word_1_255' title='bbox 1223 3908 1332 3988; x_wconf 72' lang='grc' dir='ltr'><strong><em>Ῥείηςς</em></strong></span> <span class='ocrx_word' id='word_1_256' title='bbox 1360 3915 1470 3991; x_wconf 68' lang='lat' dir='ltr'>(Baba</span> 
     </span>
    </p>
   </div>
   <div class='ocr_carea' id='block_1_16' title="bbox 259 3988 793 4138">
    <p class='ocr_par' dir='ltr' id='par_1_20' title="bbox 259 3988 783 4138">
     <span class='ocr_line' id='line_1_33' title="bbox 259 3988 377 4065; baseline 0.009 -18"><span class='ocrx_word' id='word_1_257' title='bbox 259 3992 324 4065; x_wconf 82' lang='lat'><strong>126,</strong></span> <span class='ocrx_word' id='word_1_258' title='bbox 338 3988 377 4060; x_wconf 88' lang='lat'>8).</span> 
     </span>
     <span class='ocr_line' id='line_1_34' title="bbox 332 4062 793 4138; baseline -0.007 -13"><span class='ocrx_word' id='word_1_259' title='bbox 332 4067 399 4125; x_wconf 87' lang='grc'><strong>439</strong></span> <span class='ocrx_word' id='word_1_260' title='bbox 438 4062 552 4122; x_wconf 73' lang='lat' dir='ltr'>vasilu&#39;</span> <span class='ocrx_word' id='word_1_261' title='bbox 566 4067 719 4138; x_wconf 72' lang='lat' dir='ltr'>ficiat</span> <span class='ocrx_word' id='word_1_262' title='bbox 657 4062 704 4121; x_wconf 88' lang='lat' dir='ltr'>Ro</span> <span class='ocrx_word' id='word_1_263' title='bbox 707 4063 793 4123; x_wconf 89' lang='lat' dir='ltr'>thius.</span> 
     </span>
    </p>
   </div>
   <div class='ocr_carea' id='block_1_17' title="bbox 331 4141 892 4291">
    <p class='ocr_par' dir='ltr' id='par_1_21' title="bbox 331 4141 892 4291">
     <span class='ocr_line' id='line_1_35' title="bbox 332 4141 748 4200; baseline 0 0"><span class='ocrx_word' id='word_1_264' title='bbox 332 4143 399 4200; x_wconf 81' lang='grc'><strong>442.</strong></span> <span class='ocrx_word' id='word_1_265' title='bbox 438 4146 505 4200; x_wconf 81' lang='lat' dir='ltr'>auci</span> <span class='ocrx_word' id='word_1_266' title='bbox 525 4142 616 4200; x_wconf 90' lang='lat' dir='ltr'>Ianus</span> <span class='ocrx_word' id='word_1_267' title='bbox 637 4141 748 4200; x_wconf 85' lang='lat' dir='ltr'>Donso.</span> 
     </span>
     <span class='ocr_line' id='line_1_36' title="bbox 331 4211 892 4291; baseline -0.002 -14"><span class='ocrx_word' id='word_1_268' title='bbox 331 4221 398 4278; x_wconf 85' lang='lat'>443.</span> <span class='ocrx_word' id='word_1_269' title='bbox 439 4219 543 4278; x_wconf 87' lang='lat' dir='ltr'>Iunius</span> <span class='ocrx_word' id='word_1_270' title='bbox 564 4211 721 4291; x_wconf 82' lang='grc' dir='ltr'><em>ποιητικόν</em></span> <span class='ocrx_word' id='word_1_271' title='bbox 741 4224 772 4277; x_wconf 83' lang='lat' dir='ltr'>et</span> <span class='ocrx_word' id='word_1_272' title='bbox 792 4222 892 4276; x_wconf 80' lang='lat' dir='ltr'>tunica.</span> 
     </span>
    </p>
   </div>
   <div class='ocr_carea' id='block_1_18' title="bbox 331 4294 923 4447">
    <p class='ocr_par' dir='ltr' id='par_1_22' title="bbox 331 4294 923 4447">
     <span class='ocr_line' id='line_1_37' title="bbox 331 4294 680 4354; baseline -0.003 0"><span class='ocrx_word' id='word_1_273' title='bbox 331 4298 398 4354; x_wconf 89' lang='lat'>444.</span> <span class='ocrx_word' id='word_1_274' title='bbox 438 4297 546 4354; x_wconf 73' lang='lat' dir='ltr'>Pocula</span> <span class='ocrx_word' id='word_1_275' title='bbox 567 4294 680 4353; x_wconf 72' lang='lat' dir='ltr'>Iunius</span> 
     </span>
     <span class='ocr_line' id='line_1_38' title="bbox 331 4373 923 4447; baseline -0.002 -16"><span class='ocrx_word' id='word_1_276' title='bbox 331 4374 396 4432; x_wconf 85' lang='grc'><strong>445.</strong></span> <span class='ocrx_word' id='word_1_277' title='bbox 438 4373 530 4430; x_wconf 80' lang='lat' dir='ltr'>Ianus</span> <span class='ocrx_word' id='word_1_278' title='bbox 552 4373 656 4431; x_wconf 84' lang='lat' dir='ltr'>Dousn</span> <span class='ocrx_word' id='word_1_279' title='bbox 676 4391 757 4447; x_wconf 80' lang='lat' dir='ltr'>quarn</span> <span class='ocrx_word' id='word_1_280' title='bbox 778 4375 923 4446; x_wconf 77' lang='lat' dir='ltr'>sapientia.</span> 
     </span>
    </p>
   </div>
   <div class='ocr_carea' id='block_1_19' title="bbox 0 0 1526 5032">
    <p class='ocr_par' dir='ltr' id='par_1_23' title="bbox 0 0 1526 5032">
     <span class='ocr_line' id='line_1_39' title="bbox 0 0 1526 5032; baseline 0 3"><span class='ocrx_word' id='word_1_281' title='bbox 0 0 1526 5032; x_wconf 95' lang='lat' dir='ltr'> </span> 
     </span>
    </p>
   </div>
  </div>
 </body>
</html>
