3044 5032
823 316 863 365 VI

697 483 859 550 nicecius
881 483 1041 567 vigilavit,
1065 482 1187 566 opinor,

348 597 472 657 etcum
494 589 527 655 id
550 590 593 655 mi
614 587 703 654 visus
722 587 834 653 faeere
856 592 914 670 est,
938 591 1004 651 tum
1026 584 1107 650 retia
1127 585 1226 651 nexit.

263 785 309 845 115
352 776 460 844 deficit
481 778 568 842 alma
590 777 698 860 Geras,
720 795 780 842 nee
803 776 914 860 plebes
936 793 1021 860 pano
1042 773 1171 858 potitur.

350 965 465 1032 fiscina
486 965 596 1032 fallaci
619 965 744 1030 cumulo

477 1172 552 1218 uam
575 1151 723 1218 omnibus
744 1151 819 1217 uuu'
841 1152 934 1217 dolor
956 1151 1112 1235 recceptu'
1136 1150 1302 1231 labosque.

421 1345 452 1407 et
474 1340 609 1407 cruribu’
634 1358 727 1405 crura
749 1339 950 1406 diullaxante

818 1600 881 1685 VI

350 1821 440 1904 haee,
463 1819 606 1903 inquam,
629 1818 722 1885 rudet
744 1839 785 1884 ex
807 1816 919 1883 rostris
942 1823 1039 1902 atque
1061 1816 1250 1901 heiulitabit,

263 1930 316 1989 266
361 1942 565 2006 concursans,
589 1923 641 1988 vol
663 1926 698 1986 ut
719 1920 910 2004 Ancharius,
933 1921 1085 2004 clareque
1106 1920 1272 2004 quiritans.

326 2113 389 2172 193.
430 2111 600 2171 Priscianus
621 2131 650 2189 p.
665 2116 721 2172 861
744 2111 895 2187 “Quidam
920 2119 1019 2170 tamen
1042 2111 1129 2169 etiam
1157 2109 1241 2180 nexi,
1271 2109 1415 2170 dicentes
1440 2118 1471 2172 et

246 2225 356 2279 nexus,
382 2207 521 2266 utflecto
542 2206 610 2265 flexi
634 2213 664 2266 et
685 2205 789 2264 flexus.
812 2206 1011 2265 ...Lucilius
1032 2205 1102 2263 inv
1123 2201 1181 2260 ‘hic
1203 2204 1330 2261 ...criti
1351 2225 1470 2267 ...ne-

245 2302 324 2361 xit’.'’
443 2300 528 2360 Idem
548 2318 579 2376 p.
594 2303 650 2359 993
676 2298 839 2359 “Similiter
867 2308 955 2360 necto
982 2300 1070 2358 nexui
1100 2305 1130 2357 et
1155 2296 1233 2357 nexi.
1324 2300 1470 2361 Lucilius

246 2397 276 2454 iu
296 2415 315 2452 v
343 2395 399 2454 ‘hic
483 2395 548 2452 mitt
574 2394 654 2452 visus
681 2403 720 2451 eut
746 2394 844 2452 facere
873 2401 932 2453 tum
958 2395 1033 2454 retia
1062 2394 1178 2453 nexit'.''
1294 2391 1470 2456 Diomedes

247 2508 276 2566 p.
290 2492 348 2550 366
374 2488 491 2549 “Nesto
513 2487 600 2547 nexui
626 2488 673 2546 vel
699 2487 775 2547 nexi.
863 2487 1008 2548 Lucillius
1035 2495 1201 2564 satyrarum
1227 2504 1360 2546 cuorum
1392 2491 1471 2549 retia

247 2583 355 2645 nexit.”

326 2680 389 2738 195.
429 2674 602 2735 Priscianus
623 2693 653 2752 p.
670 2678 724 2737 881
747 2676 902 2736 “Lucilius
928 2695 997 2736 sero
1022 2676 1051 2735 in
1075 2697 1104 2749 v,
1134 2675 1244 2735 'delicit
1263 2679 1469 2753 ...potitur’‚

248 2773 408 2832 secuudum
430 2777 566 2849 quartam
587 2771 826 2847 coniugationem
846 2771 996 2850 producta
1015 2771 1198 2849 paenultima
1217 2771 1368 2848 protulit.’'

326 2869 388 2927 196.
430 2865 551 2927 Servius
578 2864 617 2925 ad
638 2865 765 2943 Vergilii
785 2884 887 2942 georg.
902 2886 922 2942 r,
936 2868 992 2926 266
1013 2885 1042 2944 p.
1057 2869 1108 2926 820
1128 2864 1271 2925 “Fiseina
1297 2883 1397 2940 genus
1422 2878 1472 2930 est

246 2960 341 3035 vasis,
366 2960 397 3018 id
422 2964 468 3020 est
489 2960 628 3019 corbulae
649 2963 756 3022 breves
776 2980 851 3038 quas
872 2963 1033 3040 perierunt·
1049 2960 1099 3038 qui
1119 2958 1244 3020 arbusta
1269 2961 1471 3027 vindemiant.

248 3055 383 3114 Lucilius
404 3053 434 3112 iu
457 3055 560 3132 quinto
582 3054 696 3115 ‘fiscina
717 3056 816 3117 fallaci
837 3057 989 3117 cumulo'.”

326 3147 390 3209 191.
432 3146 553 3210 Servius
580 3149 619 3209 ad
643 3150 796 3210 Aeneidos
816 3171 846 3226 Χ,
866 3153 922 3212 398
948 3150 1032 3211 “Alii
1058 3150 1188 3209 dolorem
1217 3150 1341 3210 alicuius
1371 3156 1472 3216 studii

247 3246 381 3305 ardorem
403 3249 433 3302 et
446 3250 616 3321 promptam
636 3245 749 3321 gloriae
769 3247 961 3323 cupiditatem
983 3249 1112 3305 veterum
1126 3262 1207 3304 more
1222 3245 1330 3305 dietum
1347 3250 1471 3328 volunt,

246 3347 279 3400 ut
304 3338 414 3400 Graeci
438 3331 533 3398 πόνον
558 3339 728 3417 appellant,
755 3339 890 3400 Lucilius
916 3339 946 3399 in
973 3339 1076 3418 quinto
1103 3340 1180 3400 ‘nam
1267 3351 1394 3417 recerunt
1423 3347 1470 3405 la·

245 3433 396 3512 bosque’.’'

327 3530 390 3587 198.
430 3525 596 3603 Porphyrio
617 3527 656 3589 ad
669 3528 789 3588 Horatii
811 3545 975 3589 sermonum
996 3550 1016 3605 1,
1029 3533 1057 3605 2,
1074 3532 1137 3605 125,
1160 3530 1256 3591 ‘Haec
1277 3528 1327 3587 ubi
1349 3547 1469 3608 suppo-

247 3625 306 3683 suit
325 3623 431 3682 dextro
446 3639 553 3697 corpus
574 3621 644 3681 mihi
663 3623 797 3697 laevum’,
819 3621 906 3682 “Hoc
927 3631 974 3684 est
994 3624 1074 3702 quod
1089 3625 1223 3684 Lucilius
1244 3624 1285 3683 ait
1305 3624 1334 3681 in
1356 3626 1470 3702 quinto

246 3718 286 3778 ‘et
373 3716 517 3775 dilaeat’.''
557 3713 700 3777 Similiter
723 3723 938 3778 commentator
966 3717 1156 3796 Cruquianus
1177 3738 1207 3796 p.
1220 3720 1312 3778 320⁸.
1353 3719 1469 3782 Codex

326 3910 390 3968 199.
431 3905 531 3966 Varro
551 3907 589 3967 de
610 3907 713 3983 lingua
735 3907 848 3966 Latina
865 3925 905 3964 vn
926 3925 955 3984 p.
968 3909 1015 3983 81,
1029 3910 1067 3967 32
1087 3907 1208 3968 “Multa
1228 3910 1267 3969 ab
1289 3909 1469 3973 animalium

247 4002 372 4064 vocibus
393 4001 503 4062 tralata
521 4001 552 4061 in
572 4001 720 4076 homines3
739 4002 848 4079 partim
867 4018 944 4078 quae
966 4008 1034 4061 suut
1054 4009 1169 4079 aperta,
1190 4003 1300 4080 partim
1319 4003 1467 4071 obscura.

244 4097 405 4173 perspicua
424 4103 457 4157 ut
541 4095 650 4157 Lucilii
671 4095 755 4156 ‘haec
777 4113 876 4156 e..x
895 4096 1000 4157 rostris
1022 4101 1111 4174 atque
1125 4099 1294 4158 leilitcbit’.''
1396 4101 1429 4160 N
1432 4122 1466 4162 o·

246 4191 313 4251 nius
335 4209 365 4267 p.
381 4193 430 4263 21,
448 4193 484 4250 19
505 4189 677 4266 “Quiritem
698 4196 744 4253 est
762 4191 904 4265 clamare3
929 4198 1056 4252 tractum
1077 4193 1115 4251 ab
1135 4193 1171 4252 iis
1192 4193 1245 4271 qui
1263 4193 1397 4268 Quirites
1418 4197 1466 4256 iu·

244 4291 364 4353 uocant.
406 4285 541 4345 Lucilius
562 4292 727 4363 satyrarum
747 4284 798 4347 lib.
814 4305 845 4345 vr
866 4285 951 4347 ‘haee
967 4331 973 4346 .
988 4332 996 4347 .
1010 4306 1044 4347 ,ο
1064 4288 1167 4348 rostris
1194 4294 1284 4364 atque
1308 4289 1466 4352 iudicauit

244 4421 272 4438 ..
287 4423 293 4438 .
307 4380 391 4438 ueluti
410 4396 564 4438 inermus
585 4423 632 4441 ...
647 4377 826 4457 quiritans’.''
