3044 5032
746 306 786 355 XI

263 468 438 557 [consellas
462 491 591 557 quoque
613 472 733 538 validis
756 473 906 542 infinibus
928 474 1035 560 aptas]

262 631 422 716 improbu’
447 631 611 699 conlidens
634 653 773 719 nequam
796 635 900 700 malus
923 641 959 700 ut
980 636 1137 703 videatur.

186 798 228 857 oo
263 792 378 858 horum
400 799 450 859 est
468 794 621 860 iudicium
644 795 768 880 Crassi,
791 800 826 860 ut
848 796 1073 863 describsimus
1095 803 1184 883 ante3

261 893 324 961 hoc
347 902 411 981 est,
434 896 513 982 quid
535 916 675 983 sumam,
699 899 777 983 quid
799 917 880 983 non,
903 899 938 964 in
959 919 1087 983 quoque
1109 902 1261 969 locemus.

263 1076 362 1143 qnam
383 1057 434 1124 vis
457 1057 498 1124 de
519 1058 624 1125 subito
646 1058 740 1125 trinis
762 1059 922 1127 deducere
944 1061 1041 1127 scalis

262 1237 348 1304 pone
369 1219 542 1304 paludatus
564 1220 671 1286 stabat
692 1222 825 1287 rorariu’
849 1222 948 1289 voles.

267 1377 364 1448 ‘nae'.
407 1399 502 1463 quem
524 1381 557 1446 in
581 1402 655 1448 arce
676 1383 792 1450 bovem
815 1383 985 1469 discerpsit
1019 1384 1204 1470 ‘magnifice’
1227 1385 1341 1471 inquit.

725 1651 791 1734 XI

161 1852 233 1921 *34⁰
266 1850 441 1938 Scipiadae
464 1872 583 1937 magno
606 1853 771 1939 improbus
794 1854 955 1922 obiciebat
976 1857 1105 1923 Asellus

263 1955 398 2021 lustrum
420 1956 477 2021 illo
501 1975 634 2022 censore
656 1956 776 2022 malum
798 1957 975 2043 infelixque
997 1958 1105 2025 fuisse.

231 2189 299 2249 333.
339 2187 455 2247 Nonius
482 2202 510 2264 p.
530 2190 640 2262 235‚2
667 2188 806 2265 “Aptum
831 2204 944 2247 rursum
969 2203 1113 2246 conexum
1138 2193 1168 2247 et
1192 2189 1363 2264 colligatum

160 2282 313 2358 significat.
388 2282 522 2341 Lucilius
542 2288 706 2358 satyramm
723 2283 798 2341 libro
813 2301 834 2339 x
854 2281 1012 2341 ‘consellas
1034 2299 1152 2358 quoque
1172 2283 1278 2343 validis
1299 2283 1363 2342 infi-

158 2377 240 2437 nibus
263 2376 450 2452 (proecolidr'r
468 2381 498 2434 io
510 2380 633 2452 fartibus
646 2376 739 2437 ‘vetus
760 2378 844 2436 libcr’
864 2378 915 2437 Fr.
936 2374 1069 2451 Donsae)
1091 2377 1213 2454 aptas'.'’

233 2471 300 2531 334.
341 2470 458 2529 Nonius
479 2488 508 2546 p.
523 2473 589 2544 262,
606 2475 639 2529 ll
663 2471 877 2532 ‘'Confidentic
901 2489 1014 2530 rursum
1038 2471 1205 2544 temeritas,
1229 2471 1364 2531 audacio.

153 2566 305 2625 Pacuvius
321 2567 443 2624 ...idem
464 2566 515 2623 lib.
530 2583 552 2620 x
572 2565 733 2642 ‘improbus
797 2585 900 2625 manos
921 2564 1089 2625 videatur?

232 2661 298 2718 335.
339 2657 454 2717 Nonius
475 2676 504 2734 p.
521 2662 588 2734 396,
605 2658 637 2718 17
661 2659 804 2721 “Sumere
824 2659 913 2718 etiam
935 2659 1082 2733 significat
1096 2660 1214 2734 eligere.
1304 2657 1363 2718 Lu-

154 2753 239 2813 cilius
263 2759 429 2829 satyrarum
449 2754 500 2811 lib.
515 2771 536 2808 x
556 2752 722 2810 ‘sonorum
744 2758 790 2811 est
809 2753 950 2812 indicium
976 2769 1097 2809 cssssrs
1117 2760 1150 2811 ut
1169 2771 1365 2810 urscnmrmns

154 2892 180 2906 ..
193 2892 200 2906 .
214 2848 383 2906 locemus’.”

234 2938 301 2999 337.
340 2940 455 2999 Nonius
477 2960 505 3017 p.
523 2938 588 3014 517,
609 2942 647 3000 30
668 2939 733 2999 “De
755 2940 862 3000 subito.
945 2941 1078 3002 Lucilius
1093 2946 1258 3017 satyrarum
1277 2941 1327 3000 lib.
1344 2960 1366 2998 x

154 3034 300 3111 ‘quamvis
323 3080 369 3093 ...
386 3034 511 3094 scolis’.”

230 3130 297 3188 338.
337 3129 453 3189 Nonius
469 3148 498 3206 p.
510 3133 576 3200 553,
590 3130 609 3187 4
630 3127 778 3188 “Rorarii.
800 3129 938 3188 ...idem
957 3130 1007 3190 lib.
1022 3148 1044 3185 x
1064 3130 1151 3206 ‘pone
1226 3130 1365 3189 vnnox’.”

230 3224 297 3283 339.
337 3225 473 3283 Donatus
502 3224 542 3284 ad
569 3224 702 3282 Terentii
726 3223 872 3283 Andriam
896 3243 933 3300 11,
956 3227 972 3283 1
993 3242 1021 3300 p.
1036 3225 1074 3284 38
1101 3222 1185 3283 “Nae
1212 3223 1267 3282 iste
1293 3223 1366 3284 hant

154 3333 269 3376 mecum
291 3319 388 3377 sentit.
429 3336 484 3378 nae
505 3319 607 3391 valde,
634 3322 699 3390 aut,
724 3324 756 3375 nt
776 3317 896 3394 quidam
917 3318 1032 3391 volunt,
1053 3334 1070 3374 o
1091 3335 1187 3392 quam.
1231 3317 1364 3377 Lucilius

152 3412 183 3471 in
198 3431 219 3469 x
240 3410 306 3470 ‘nae
328 3411 373 3489 (ae
387 3432 465 3488 quera
479 3411 598 3470 codices
613 3410 723 3469 Faerni
738 3412 776 3469 ad
790 3410 921 3471 Andriae
942 3411 1016 3487 prol.
1033 3408 1066 3469 17
1089 3416 1119 3469 et
1133 3411 1201 3469 olim
1216 3409 1364 3487 impressi)

153 3507 183 3565 in
200 3553 206 3566 .
220 3552 228 3566 .
242 3552 249 3567 .
262 3496 408 3582 discerpsi
430 3509 574 3582 (descripsi
594 3506 675 3581 olim)
689 3554 695 3564 .
707 3551 713 3564 .
727 3551 733 3564 .
745 3505 876 3581 inquit'.''

234 3600 300 3659 340.
342 3599 456 3660 Gellius
478 3618 518 3672 rv,
541 3596 574 3657 17
597 3597 725 3656 “Lucilii
748 3616 785 3656 cx
804 3598 959 3657 undecimo
980 3614 1082 3656 versus
1108 3603 1176 3656 sunt
1195 3596 1366 3674 ‘Scipiadae

154 3695 325 3756 ...inisse'
366 3693 516 3754 obiciebat
536 3709 553 3749 o
574 3691 660 3751 litera
681 3692 828 3767 producta
847 3692 953 3750 multos
974 3691 1073 3765 legere
1093 3690 1209 3751 audio.’'

232 3913 298 3969 333.
339 3909 441 3967 Iunius
463 3910 596 3966 tonsillas.

232 3989 297 4046 335.
338 3989 448 4044 Horam
468 3985 604 4043 Rotbius.
723 3986 915 4060 elmeripstmcs
935 3985 1027 4043 Ianus
1048 3985 1160 4042 Dousa.

232 4065 298 4122 338.
338 4063 388 4121 Fr.
410 4064 514 4120 Dousa
533 4063 610 4119 Pone
627 4063 803 4136 protectorum.

233 4142 298 4200 339,
340 4144 385 4197 No
399 4139 614 4198 adfirmativum
635 4140 664 4195 in
682 4136 726 4194 his
741 4138 838 4196 locum
852 4155 910 4196 non
923 4138 1036 4196 habere
1053 4134 1155 4192 docuit
1168 4133 1244 4189 Alfr.
1261 4127 1366 4218 Fleck-

154 4218 284 4279 eisenius
305 4216 335 4275 in
356 4216 520 4290 Philologo
540 4213 758 4275 Schneidewini
777 4234 800 4271 11
821 4233 849 4291 p.
865 4217 911 4274 68.
943 4214 998 4273 sed
1019 4210 1071 4270 ναί
1090 4209 1237 4270 Graecum
1258 4212 1367 4284 optlmo

154 4295 294 4357 convenit
314 4294 437 4369 gloriosi
458 4310 524 4351 oum
545 4292 735 4352 adsentatcre
757 4292 914 4368 colloquio.

232 4373 297 4433 340.
317 4372 335 4412 *
352 4370 440 4432 Gonf.
463 4388 566 4431 comm.
587 4370 617 4429 in
638 4369 728 4429 Lucr.
751 4388 779 4446 p.
793 4371 859 4429 413.
