3044 5032
746 332 772 381 V

260 498 368 564 intibu'
392 502 561 582 praeterea
582 495 719 581 pedibus
743 497 920 583 perserpsit
941 497 1076 581 equinis.

811 683 976 770 adipatum
1027 694 1032 706 ’

176 788 221 848 161
264 785 382 870 pultem

157 1030 159 1035 ,
261 975 412 1056 absterge
434 971 595 1055 lacrimas,
618 974 650 1036 et
672 969 767 1037 divos
790 976 861 1038 ture
883 991 1057 1058 precemur,

261 1077 432 1142 consilium
454 1075 544 1141 fassi.
588 1074 724 1160 placeat,
748 1080 783 1140 tu
806 1076 927 1161 inpune
948 1076 1077 1161 luperis.

261 1265 344 1330 sicut
365 1285 437 1330 cunr
459 1264 580 1348 primus
602 1261 679 1327 ficos
702 1261 841 1347 propola
862 1266 999 1330 recentis

262 1368 395 1452 protulit
417 1373 448 1432 et
470 1366 572 1449 pretio
596 1364 719 1447 ingenti
742 1365 799 1430 dat
820 1364 959 1449 primitu’
980 1385 1113 1451 paucas.

177 1564 221 1623 111
265 1555 416 1621 lascivire
438 1573 537 1639 pecus
560 1551 632 1641 nasi
653 1551 812 1635 rostrique
835 1551 1014 1637 repandum

233 1835 296 1893 163.
337 1831 490 1892 Charisius
516 1850 545 1909 p.
561 1829 597 1891 ’11
625 1830 748 1892 ‘'Iutiba
774 1837 877 1893 neutro
904 1848 1012 1908 genere
1032 1830 1178 1908 Virgilius
1207 1831 1295 1909 dixit,
1324 1832 1364 1893 ‘et

155 1931 262 1990 amaris
284 1927 380 1987 intiba
399 1926 501 2000 fibris,
521 1931 551 1987 et
571 1927 613 1986 sic
633 1928 718 1988 multi
738 1924 926 1986 eruditorum.
957 1925 1059 1987 sedet
1077 1927 1363 2004 masculinogenere

155 2026 326 2102 frequenter
350 2041 368 2080 a
388 2021 538 2081 ueteribus
569 2021 680 2081 dictum
705 2029 765 2081 est:
795 2038 861 2080 narn
883 2019 1017 2079 Lucilius
1042 2020 1072 2079 in
1098 2022 1201 2098 quinto
1227 2022 1365 2083 derideat

154 2118 305 2194 (impressi
326 2118 461 2191 derideas)
475 2117 618 2176 rusticam
638 2133 741 2175 cenam
756 2115 933 2174 enumeratis
948 2115 1048 2175 multis
1062 2103 1162 2175 herbis
1183 2115 1302 2176 ‘iutibus
1318 2163 1362 2178 ...

155 2212 320 2289 perserpsit
339 2210 472 2288 equinis',
493 2217 523 2270 et
543 2211 688 2270 Aemilius
704 2212 806 2270 Macer
825 2209 925 2286 ‘quale
945 2226 1033 2285 seges
1056 2208 1305 2289 (fortassepcobs
1318 2231 1362 2270 ce·

155 2307 210 2383 pet)
237 2304 359 2364 intubus
385 2305 529 2365 herbas'.''
651 2304 769 2363 Nonius
794 2322 824 2381 p.
840 2305 939 2379 209,1
968 2301 1090 2363 “Intlba
1115 2305 1232 2380 generis
1258 2307 1360 2366 nentri.

156 2397 241 2474 Virg.
263 2401 471 2474 georgicorum
490 2397 542 2458 lib.
557 2417 603 2456 1111
624 2398 752 2475 ‘quoque
773 2397 861 2457 modo
882 2397 962 2474 potis
983 2396 1148 2472 gauderent
1167 2399 1262 2460 intiba
1274 2401 1362 2459 riris'.

158 2494 320 2553 masculini
340 2493 474 2552 Lucilius
497 2497 661 2568 satyrarum
681 2493 731 2552 lib.
746 2512 765 2550 v
786 2491 905 2552 ‘intibus
927 2533 982 2551 ...
1001 2504 1163 2568 1111111111
1183 2494 1332 2571 equinis'.”
1374 2535 1377 2538 -

235 2589 298 2646 164.
341 2586 497 2646 Charisius
523 2605 552 2664 p.
573 2585 611 2646 14
636 2585 800 2646 “Similiter
827 2592 857 2645 et
882 2604 957 2663 opus
982 2586 1139 2663 pistorium
1167 2589 1248 2666 qnod
1274 2588 1363 2666 adipe

156 2683 321 2754 conficitur,
342 2682 420 2741 omni
441 2698 550 2757 genere
571 2681 631 2740 dici
650 2688 764 2758 potest,
792 2687 823 2740 11
849 2680 896 2740 hic
923 2680 1078 2757 adipatus,
1105 2699 1166 2758 qno
1190 2682 1365 2758 intelligitur

156 2778 242 2853 panis
272 2784 322 2835 aut
342 2775 422 2835 aliud
442 2775 564 2853 aliquid,
590 2782 620 2836 et
640 2776 713 2835 haec
735 2775 872 2852 adipata,
898 2774 955 2834 hoc
975 2781 1112 2851 estpars
1136 2777 1231 2850 (1111),
1252 2782 1282 2835 11
1307 2776 1363 2835 hoc

159 2870 321 2946 adipatum,
343 2888 418 2947 opus
439 2871 560 2930 scilicet.
594 2887 661 2929 narn
683 2875 713 2928 et
734 2869 869 2929 Lucilius
890 2868 995 2945 quinto
1016 2867 1169 2945 adipatam
1190 2868 1263 2929 dicit
1281 2870 1364 2928 terni·

157 2965 227 3024 nino
246 2982 365 3040 genere,
386 2965 439 3024 sed
460 2965 511 3024 ubi
530 2965 625 3040 iungit
644 2963 791 3022 rnurun.''

238 3061 300 3118 166.
341 3059 493 3136 Interpres
505 3057 631 3135 Vergilii
643 3057 827 3119 Veronensis
842 3055 881 3116 ad
894 3055 972 3116 Aen.
984 3076 1046 3134 vur,
1063 3059 1117 3118 106
1132 3057 1229 3136 [Tura
1241 3058 1363 3120 dabant.

158 3151 247 3228 Luci]
256 3158 317 3212 aius
342 3152 490 3229 ‘absterge
512 3197 563 3214 ...
584 3153 793 3230 praecemurf'
902 3151 1017 3211 Nonius
1040 3171 1068 3229 p.
1086 3155 1211 3226 133,13¹
1229 3152 1366 3231 “Lupari

159 3254 191 3306 ut
207 3251 267 3320 (eat)
284 3249 409 3309 scortari
424 3249 470 3307 vel
485 3248 633 3324 prostitui.
664 3294 708 3307 ...
730 3249 808 3305 lictae
822 3245 927 3323 (supra
941 3247 1053 3324 scripto
1068 3250 1089 3306 a·
1103 3247 1364 3324 Guelferbytanus,

159 3343 285 3400 Lucilius
297 3341 467 3416 Leidensis)
488 3341 538 3401 lib.
552 3362 571 3400 v
592 3341 633 3401 ‘et
653 3341 737 3400 diros
754 3357 952 3400 ...1111111
972 3349 1044 3402 tuan
1064 3343 1174 3418 inpune
1187 3342 1364 3400 susannis?

238 3438 302 3496 168.
341 3437 459 3496 Nonius
473 3453 503 3510 p.
515 3437 579 3512 154,
592 3434 628 3495 21
645 3433 807 3494 “Ρ111111111·
819 3452 875 3512 pro
889 3436 991 3513 prime,
1006 3442 1036 3495 et
1045 3435 1181 3511 primitus
1197 3452 1251 3510 pro
1261 3436 1365 3512 primo.

226 3530 359 3590 Lucilius
380 3531 431 3588 lib.
445 3549 464 3587 v
484 3529 595 3588 ‘sicum
616 3547 680 3590 eum
697 3534 806 3605 paruos
877 3533 986 3605 protuli
1004 3534 1065 3589 11111
1085 3529 1181 3606 pretio
1200 3529 1314 3605 ingenti
1328 3532 1368 3586 ud

159 3625 293 3701 primitus
313 3623 467 3682 raucos'.'’
564 3623 649 3682 Idem
669 3642 699 3701 p.
714 3625 780 3699 281,
798 3626 833 3683 16
855 3624 964 3700 “Dare,
986 3631 1086 3702 petere
1109 3621 1275 3696 (11111111).
1306 3623 1366 3682 Lu-

159 3721 245 3780 cilius
265 3721 317 3780 lib.
333 3737 353 3775 v
373 3717 483 3775 ‘arcum
569 3720 702 3793 pirorutr't
721 3725 750 3778 et
835 3719 989 3780 raucoa'.’'

239 3812 303 3873 170.
342 3812 460 3872 Nonius
486 3830 515 3889 p.
538 3814 603 3884 158,
624 3815 662 3876 33
688 3811 807 3873 “Pecus
834 3831 892 3873 non
921 3815 1015 3873 solum
1047 3813 1218 3892 quadrupes
1250 3811 1368 3884 animal,

160 3927 259 3970 verum
281 3908 381 3968 omnia
400 3908 540 3968 animalia
559 3907 691 3984 pecudes
713 3908 860 3969 dicuutur.
944 3909 1077 3969 Lucilius
1098 3913 1262 3984 satyrarum
1282 3906 1368 3963 libr

161 4003 308 4064 ‘lascivire
329 4020 421 4080 pecus
443 4021 504 4061 ursr
525 4020 700 4064 noscamus
720 4003 919 4082 repandum'.''

242 4242 305 4299 165.
340 4239 446 4314 pultem
466 4236 594 4298 editores
617 4236 755 4297 Charisii.

243 4316 306 4375 161.
344 4319 458 4392 placeat
478 4315 589 4376 Iunius.
675 4327 704 4374 11
723 4321 825 4391 inpune
845 4316 946 4392 turperis
966 4311 1103 4387 Scaliger
1122 4317 1153 4370 et
1172 4310 1231 4371 ahi.

242 4394 306 4453 170.
346 4399 483 4471 rostrique
506 4393 647 4454 Crinitus.
1123 4482 1168 4549 2*
