3044 5032
711 348 842 386 INCERTA

649 706 909 834 suenum
1020 837 1022 840 t

109 937 112 941 ¹
185 925 244 985 usa
475 923 628 991 cariosam

472 1130 614 1197 crucium

467 1337 665 1419 noctilugam

465 1540 578 1608 rabula

467 1746 611 1814 suberies

466 1954 678 2020 canaliculam

468 2178 534 2224 non
555 2158 701 2224 omuibus
724 2158 848 2223 dormio

243 2415 324 2473 1182.
364 2415 477 2474 Paulus
504 2415 646 2476 diaeonus
670 2417 721 2477 lib.
737 2437 771 2475 ιιι
797 2434 834 2475 ex
860 2417 953 2476 Festo
978 2435 1007 2493 p.
1021 2418 1059 2475 34
1085 2415 1264 2476 “Carissam
1290 2416 1370 2493 apud

166 2507 313 2567 Lucilium
332 2510 446 2568 vafrum
466 2509 641 2586 siguificat.”
851 2582 853 2586 ¹

161 2635 164 2641 ·
241 2603 323 2664 1183.
364 2604 477 2664 Paulus
498 2607 571 2682 p.41
594 2605 765 2681 “Crucium,
787 2606 867 2682 quod
888 2605 1008 2664 cruciat.
1032 2605 1110 2663 unde
1126 2605 1259 2664 Lucilius
1273 2605 1371 2664 viuum

161 2693 284 2755 insuave
306 2698 433 2757 crucium
454 2699 554 2759 dixit.''

240 2791 323 2850 1184.
365 2791 481 2853 Paulus
502 2813 531 2871 p.
548 2798 603 2854 109
628 2794 840 2869 “Noctilugam
863 2793 998 2853 Lucilius
1019 2810 1084 2850 cum
1106 2790 1189 2868 dixit,
1210 2793 1371 2852 obscenum

163 2882 340 2958 siguificat.’'
417 2886 528 2947 Festus
543 2908 572 2966 p.
583 2888 647 2964 lid,
663 2891 680 2947 8
701 2888 719 2913 “
733 2929 839 2937 —--
854 2890 891 2948 L.
903 2908 933 2948 ιι,
949 2889 1058 2948 obscae
1074 2927 1213 2934 ---
1227 2887 1368 2946 medica.”

237 2978 385 3040 Numeros
406 2982 548 3041 librorum
571 2984 680 3046 Lucilii
702 2983 811 3043 Festus
833 2984 913 3042 nullo
933 2984 1000 3041 loco
1021 2983 1169 3058 apposuit.

243 3076 325 3135 1185.
368 3076 481 3135 Paulus
506 3095 535 3153 p.
555 3075 606 3136 137
634 3076 745 3137 “Rara
765 3095 839 3152 vox,
864 3095 956 3137 rauca
977 3083 1006 3136 et
1025 3095 1129 3154 parum
1149 3076 1276 3153 liquida,
1302 3095 1369 3153 pro·

159 3165 236 3225 xime
258 3187 364 3228 canum
386 3170 526 3229 latratum
540 3188 659 3246 sonans,
679 3170 757 3230 unde
773 3171 859 3230 etium
875 3172 1042 3232 causidicus
1058 3171 1234 3248 pugnaciter
1245 3173 1369 3247 loquens

158 3261 290 3322 rabula.''
368 3265 477 3324 Festus
498 3267 601 3341 pasc,
614 3268 649 3324 14
663 3265 680 3290 “
684 3311 768 3326 .....
780 3283 1154 3342 vocem--parum

160 3361 257 3414 antem
506 3359 615 3436 loquen
858 3358 1003 3417 Lucilium

237 3453 319 3511 1186.
361 3452 496 3512 Isidorus
518 3453 672 3528 origani,
689 3451 716 3527 l,
731 3451 766 3511 27
790 3450 950 3511 “Suberies
972 3452 1069 3525 arbor,
1091 3468 1128 3509 ex
1147 3469 1207 3527 qua
1220 3448 1368 3508 validissi-

160 3562 223 3604 mus
244 3552 348 3604 cortex
369 3548 534 3608 natatorius
555 3547 726 3607 extrahitur.
757 3555 787 3607 et
806 3546 874 3606 ideo
895 3545 1049 3623 appellata
1069 3545 1212 3619 suberies,
1235 3561 1270 3601 eo
1289 3541 1369 3619 quod

157 3638 272 3698 fructus
297 3640 359 3699 eius
382 3658 448 3701 sues
470 3642 575 3701 edunt:
600 3659 757 3717 porcorum
785 3641 861 3700 enim
882 3641 1022 3700 alimenta
1043 3644 1112 3698 sunt
1132 3656 1190 3696 non
1210 3638 1367 3712 hominum,

157 3738 187 3790 et
208 3732 289 3792 dicta
309 3734 442 3794 suberies
465 3735 549 3812 quasi
571 3735 738 3796 subedies.''
835 3736 944 3795 Festus
965 3752 993 3810 p.
1008 3734 1074 3807 294,
1091 3736 1126 3792 15
1148 3732 1311 3781 “--
1331 3750 1368 3790 ex

158 3843 218 3902 qua
233 3831 336 3887 cortex
644 3830 780 3888 Lucilius
933 3895 937 3901 ¹
1021 3827 1042 3885 ti
1065 3827 1226 3887 hibernacu
1245 3825 1367 3875 --”

236 3921 319 3981 1187.
360 3923 475 3983 Nonius
496 3942 525 4000 p.
540 3923 631 3998 198,l
654 3922 799 3982 “canalis
819 3921 991 3980 masculino,
1016 3966 1062 3980 ...
1078 3921 1218 3980 feminino
1232 3920 1366 3979 Lucilius

154 4011 392 4091 hypocoristicos
414 4018 609 4077 canaliculam
630 4018 727 4077 dicit.”
788 4060 792 4067 .

235 4111 318 4171 1188.
360 4112 468 4171 Festus
490 4130 518 4188 p.
530 4110 623 4187 173,5
644 4111 734 4170 “Non
755 4111 891 4170 omnibus
907 4109 1027 4169 dormio’
1049 4109 1236 4185 proverbium
1252 4109 1367 4170 videtur

154 4207 255 4261 nutum
277 4222 295 4263 a
315 4202 406 4282 Cipio
426 4205 570 4281 quodam,
591 4205 640 4283 qui
664 4203 896 4264 Pararhenchon
918 4205 1013 4264 dictus
1035 4212 1094 4280 est,
1116 4205 1196 4282 quod
1217 4205 1367 4265 simularet

154 4294 356 4375 dormientem,
378 4316 436 4377 quo
456 4299 627 4375 impunitins
648 4317 724 4359 uxor
744 4298 807 4358 eius
828 4285 1040 4360 moecharetur.
1067 4300 1130 4360 eius
1152 4300 1283 4360 meminit
1304 4302 1364 4359 Lu·

155 4389 268 4452 cilius.”
