3044 5032
219 337 253 379 ῃ
740 327 905 363 cuunrarro

218 506 356 576 mannus
377 506 508 551 numero
532 507 597 550 non
618 505 696 550 vero
718 481 881 566 insignitis
905 481 1050 547 versibus
1066 501 1175 547 verum
1192 499 1288 563 quom
1303 485 1433 564 putaret

219 638 391 724 adscripsit
413 645 468 704 aut
489 643 575 704 certe
597 636 749 703 traditum
764 656 876 702 verum
891 655 957 700 non
972 654 1044 702 esse
1059 633 1263 719 significavit,
1285 632 1429 716 reliquos

219 798 326 859 autem
352 795 399 860 ita
425 792 534 859 divisit
559 798 594 858 ut
621 790 853 877 dactylicorum
874 791 960 876 parti
982 790 1075 855 alteri
1098 789 1257 872 ‘1-xxv’‚
1286 788 1381 854 alteri
1397 792 1430 855 et

218 948 333 1013 maiori
365 947 493 1030 quidem
525 945 610 1031 parti
641 944 791 1008 ‘1-xxv.
812 944 885 1008 xxx'
914 939 1085 1026 adfigeret‚
1116 942 1286 1011 trochaicis
1322 949 1430 1010 autem

219 1107 250 1167 et
277 1100 422 1166 iambicis
447 1120 505 1186 pro
531 1106 704 1164 metrorum
732 1118 855 1182 genere
887 1098 941 1163 vel
972 1095 1094 1162 ‘xxvuu
1114 1099 1202 1162 xxrx'
1230 1098 1431 1165 adscriberet

218 1255 271 1320 vel
298 1254 536 1336 ‘xxvr-xrnx’,
571 1255 714 1320 rationes
741 1251 864 1318 scilicet
889 1256 1018 1318 secutus
1047 1271 1119 1337 eas,
1150 1271 1230 1337 quas
1258 1252 1293 1318 in
1325 1253 1428 1319 altero

218 1409 344 1473 illorum
367 1406 714 1492 prooemioexposuit,
738 1426 821 1491 quae
842 1426 928 1472 nunc
950 1424 1022 1470 oum
1044 1404 1158 1471 ceteris
1182 1406 1250 1471 eius
1267 1407 1429 1492 opusculis

217 1563 251 1627 in
280 1559 436 1646 peculiari
469 1558 578 1624 libello
611 1559 707 1624 simul
737 1581 808 1626 cum
835 1561 957 1626 Lucilio
985 1557 1163 1644 prodeunte
1191 1560 1257 1644 legi
1284 1566 1428 1646 possunt

217 1714 274 1779 His
297 1713 407 1796 igitur,
432 1731 515 1795 quae
537 1713 578 1778 ad
602 1715 801 1781 Lachmanni
823 1720 960 1780 mentem
985 1712 1213 1778 declarandam
1234 1721 1429 1781 momentum

217 1866 324 1932 facere
352 1872 500 1950 apparet,
535 1887 612 1932 usus
643 1888 712 1934 sum
743 1869 802 1954 ita,
835 1873 870 1933 ut
897 1866 1086 1949 fragmentis
1114 1866 1268 1934 adhunc
1298 1870 1427 1936 modum

217 2018 373 2100 ordinatis
404 2018 524 2085 indicia
551 2021 609 2086 illa
639 2022 747 2087 omnia
774 2022 856 2087 siout
882 2021 916 2085 in
948 2018 1075 2085 schedis
1103 2020 1305 2106 praescripta
1332 2030 1425 2089 erant

215 2175 343 2239 testium
366 2172 474 2238 verbis
496 2172 554 2238 sed
576 2175 668 2238 uncis
690 2175 816 2240 inclusa
838 2133 1052 2240 adnecterem.

301 2326 365 2392 Sed
389 2328 603 2393 incertorum
624 2348 753 2412 quoque
783 2327 937 2392 librorum
968 2326 1157 2409 fragmentis
1180 2347 1201 2392 a
1229 2347 1264 2393 se
1292 2326 1426 2411 digestis

215 2481 373 2565 Hauptius
397 2484 552 2547 nonnulla
573 2490 629 2547 aut
650 2482 683 2546 in
704 2478 851 2547 versibus
874 2485 929 2544 aut
950 2479 1142 2544 testimoniis
1165 2486 1221 2546 aut
1236 2481 1269 2546 in
1284 2483 1428 2566 utrisque

214 2632 421 2720 inchoaverat
443 2641 567 2701 tantum
589 2654 655 2701 non
671 2634 913 2719 perscripserat,
937 2632 1006 2698 sive
1021 2613 1099 2716 quid
1114 2634 1185 2720 ipse
1200 2633 1426 2699 Lachmannus

213 2790 368 2856 incertum
384 2791 559 2873 reliquerat
573 2788 643 2853 sive
660 2787 771 2853 deerat
793 2786 923 2850 omnino
947 2785 1101 2852 schedula
1115 2787 1324 2874 Lachmanni‚
1348 2790 1426 2855 alibi

214 2944 303 3007 nulla
325 2944 432 3007 littera
455 2942 574 3024 scripta
596 2941 655 3007 sed
675 2940 781 3024 spatio
798 2959 900 3005 vacuo
916 2940 1026 3006 relicto
1042 2941 1242 3023 significarat
1257 2963 1329 3009 esse
1344 2964 1428 3026 quac

213 3096 246 3159 in
268 3094 471 3160 retractando
494 3094 686 3178 apographo
710 3093 832 3159 addere
855 3095 961 3159 vellet.
1004 3094 1093 3161 Haec
1115 3114 1177 3178 ego
1200 3096 1375 3182 perscripsi
1397 3103 1430 3162 et

214 3247 326 3313 addidi
354 3269 394 3314 ea
418 3249 492 3329 lege
525 3245 607 3311 nihil
643 3253 676 3313 ut
709 3250 780 3332 ipse
808 3245 1012 3313 emendarem
1040 3247 1110 3312 sed·
1128 3252 1245 3332 politae
1271 3249 1372 3315 verba
1397 3255 1430 3314 et

213 3401 494 3482 grammaticorum
517 3399 700 3465 testimonia
723 3398 768 3464 ita
790 3418 943 3482 ponerem
965 3406 999 3464 ut
1021 3406 1096 3466 ante
1119 3400 1248 3483 vulgari
1271 3400 1429 3487 solebant,

212 3558 244 3617 ct
265 3553 331 3617 illis
353 3552 482 3635 quidem
510 3553 702 3637 fragmentis
733 3571 816 3635 quae
845 3555 915 3618 sine
938 3554 1137 3620 Lachmanni
1160 3551 1280 3618 scheda
1301 3534 1430 3617 inchoa-

212 3712 304 3772 verat
325 3712 434 3771 tamen
456 3706 629 3790 Hauptius,
660 3707 833 3772 asteriscos
856 3705 1012 3791 praefixi,
1041 3707 1156 3788 quihus
1185 3706 1291 3790 ipsum
1319 3705 1353 3769 in
1381 3705 1429 3771 eis

198 3880 296 3944 .quae
318 3878 339 3923 a
361 3879 396 3924 se
422 3858 535 3926 addita
561 3866 671 3927 essent
693 3881 785 3926 usum
807 3860 966 3945 viderem,
997 3881 1080 3944 quae
1103 3879 1180 3926 vero
1203 3879 1269 3924 non
1294 3858 1431 3925 ducente

213 4011 354 4096 Hauptio
377 4013 411 4076 in
436 4015 550 4097 spatiis
573 4014 614 4079 ab
638 4034 676 4080 eo
700 4014 821 4080 relictis
844 4014 958 4098 adieci,
982 4032 1022 4078 ea
1044 4018 1079 4077 ut
1096 4032 1168 4078 meo
1184 4013 1280 4078 unius
1295 4012 1431 4077 consilio

212 4165 349 4230 nitentia
366 4171 458 4230 extra
480 4186 630 4232 numeros
653 4187 805 4233 versuum
827 4169 932 4252 posui,
956 4167 1116 4233 neminem
1139 4166 1343 4251 ut'decipere
1357 4185 1431 4252 pos·

213 4321 293 4382 sent.
338 4317 389 4385 Ad
423 4318 624 4404 eundemque
652 4319 782 4386 modum
817 4319 964 4406 disposui
992 4325 1024 4386 et
1051 4319 1186 4389 exaravi
1215 4339 1256 4386 ea
1284 4339 1368 4405 quae
1397 4319 1432 4386 in
