3044 5032
730 333 780 386 XV

255 505 368 571 iactari
390 511 486 591 eaput
508 509 603 588 atque
626 524 744 588 comae,
769 502 893 570 fluitare
917 522 1076 590 capronas

256 607 339 674 altas
362 605 519 673 frontibus
542 605 712 690 immissas,
736 612 770 671 ut
791 626 860 672 mos
883 605 944 671 fuit
965 607 1042 673 illis.

257 769 288 828 te
310 761 448 847 primum
471 780 544 826 oum
566 761 636 826 istis
659 762 806 827 insanum
833 761 995 845 hominem
1018 769 1049 828 et
1071 766 1273 832 cerebrosum

258 917 383 985 trulleu¹
407 936 466 1002 pro
488 917 626 982 stomidc
648 916 721 982 huic
742 917 858 1001 ingens
880 917 921 982 de
943 918 1068 984 naribu'
1091 923 1221 1006 pendet.

177 1081 222 1140 llo
608 1079 664 1138 aut
687 1074 741 1157 qui
764 1093 909 1140 nummos
931 1075 1033 1141 tristis
1056 1076 1196 1144 inuncet.

257 1235 388 1317 praeter
410 1248 508 1313 quam
529 1229 564 1292 in
586 1227 690 1312 pretio
712 1227 833 1312 primus
855 1229 997 1315 semisse,
1020 1232 1180 1298 secundus

260 1351 399 1415 nummo,
422 1329 527 1397 tertiu’
548 1329 613 1394 iam
635 1330 736 1415 pluris
760 1350 857 1414 quam
879 1333 955 1397 totu¹
978 1333 1168 1401 medimnus.

819 1486 894 1552 dum
916 1487 1009 1555 miles
1030 1488 1152 1556 Hibera

259 1595 376 1658 terrast
398 1596 495 1673 atque
517 1594 617 1654 meret
638 1594 686 1653 ter
708 1607 766 1655 sex
787 1589 894 1655 aetati’
919 1591 1013 1674 quasi
1036 1611 1148 1675 annos,

172 1755 220 1814 les
259 1766 299 1813 ac
321 1745 362 1811 de
384 1745 446 1809 isto
468 1763 560 1809 sacer
581 1743 636 1809 ille
658 1744 839 1828 toooglyfos
862 1764 901 1810 ao
921 1744 1115 1829 Syrofoenix

259 1848 338 1933 quid
359 1846 466 1913 facere
489 1853 537 1912 est
558 1845 696 1912 solitus?

156 2020 335 2098 ‘campanus
357 2021 476 2096 sonipes
498 2034 656 2078 succussor
676 2017 773 2074 nullus
795 2019 970 2094 sequetur'.”

229 2116 306 2173 426..
337 2114 454 2174 Nonius
475 2132 504 2189 p.
518 2113 597 2185 22,5
618 2109 799 2185 “capronae
824 2112 962 2172 dicuntur
982 2131 1084 2172 comae
1104 2131 1181 2191 quae
1201 2119 1269 2173 ante
1285 2113 1362 2172 fron·

157 2212 214 2269 lem
239 2214 321 2280 suut3
349 2208 436 2283 quasi
461 2225 480 2266 a
503 2206 601 2281 capite
625 2220 756 2280 pronae.
789 2203 923 2264 Lucilius
950 2212 1113 2280 satyrarum
1137 2208 1188 2268 lib.
1201 2227 1243 2266 xv
1263 2208 1304 2282 (li.
1325 2219 1365 2260 VH

160 2304 221 2363 olim
236 2302 374 2378 impressi
389 2307 419 2360 et
432 2299 547 2374 Iunius)
569 2298 692 2356 ‘rossus
709 2316 867 2358 ...comas
886 2300 984 2373 (comes
998 2298 1260 2378 Guelferbytanus)
1280 2317 1365 2358 suur-

158 2415 236 2455 uuuu
251 2395 455 2455 ...immissas
477 2395 532 2470 (sio
554 2393 623 2450 olim
643 2392 795 2468 impressi:
822 2397 955 2451 immissus
974 2391 1243 2471 Guelferbytanus,
1269 2399 1366 2453 coimus

157 2489 327 2563 Leidensis)
342 2489 490 2547 ...illis’.''
590 2486 705 2543 Paulus
731 2486 807 2546 libro
828 2506 861 2542 111
887 2505 925 2545 ex
949 2489 1043 2548 Festo
1062 2505 1090 2564 p.
1105 2490 1140 2548 37
1169 2487 1364 2565 “Capronaa

156 2601 298 2662 equorum
318 2583 406 2641 iubae
425 2582 455 2638 in
477 2582 604 2639 frontem
625 2580 769 2654 devexae,
791 2581 888 2639 dictae
909 2583 994 2656 quasi
1016 2600 1034 2639 a
1054 2583 1150 2658 capite
1171 2582 1308 2658 pronae.”

230 2678 296 2736 428.
337 2675 452 2734 Nonius
466 2694 495 2751 p.
507 2676 555 2745 22,
569 2677 586 2731 9
602 2671 789 2730 “Cerebrosi
805 2674 941 2733 dicuntur
956 2675 994 2732 ad
1008 2674 1155 2735 insaniam
1170 2676 1285 2746 faciles,
1305 2675 1367 2751 qui·
1407 2734 1411 2739 ,

154 2773 208 2831 bus
226 2770 378 2830 cerebrum
392 2774 558 2826 moveatur.
592 2765 726 2823 Lucilius
743 2773 908 2840 satyrarum
923 2767 974 2827 lib.
986 2786 1027 2823 xv
1044 2765 1081 2825 ‘te
1095 2767 1365 2830 ...cerebrosum’.''

230 2866 299 2923 429.
338 2862 368 2920 N
371 2864 455 2920 onius
476 2880 505 2937 p.
519 2862 567 2931 22,
585 2857 621 2916 27
647 2857 820 2918 “Postomis
837 2859 943 2918 dicitur
958 2861 1064 2918 ferrum
1079 2860 1160 2937 quod
1175 2861 1214 2920 ad
1227 2860 1366 2919 cohiben-

156 2960 224 3020 dam
238 2975 380 3034 equorum
395 2955 541 3015 tenaciam
557 2955 678 3012 naribus
699 2953 745 3011 vel
766 2954 876 3011 morsui
895 2953 1063 3030 imponitur,
1085 2953 1213 3028 Graece,
1236 2947 1367 3012 ἀπὸτοῦ

154 3046 319 3128 στόματος,
352 3050 484 3107 Lucilius
508 3054 671 3122 satyrarum
690 3048 740 3107 lib.
756 3066 795 3104 xv
817 3046 927 3106 ‘troicus
947 3066 1126 3106 rosromrnn
1203 3046 1348 3124 pendet'.”

228 3147 296 3204 430.
337 3142 454 3203 Nonius
472 3161 501 3218 p.
517 3143 580 3215 124,
598 3144 632 3200 16
647 3141 825 3216 “lnuncare,
841 3143 926 3218 quasi
939 3162 1015 3205 uuco
1028 3143 1169 3204 invadere
1184 3150 1215 3202 et
1227 3139 1367 3216 arripere.

154 3240 290 3300 Lucilius
312 3239 361 3295 lib.
378 3255 416 3293 xv
438 3234 499 3294 ‘aut
514 3237 724 3296 ...inuncal’.’'

151 3351 153 3357 ’
230 3334 297 3392 431.
338 3331 452 3390 Nonius
466 3333 575 3406 pale,
594 3333 629 3390 18
643 3316 841 3388 “Medimnum
860 3331 978 3404 generis
993 3330 1108 3390 neutri.
1138 3328 1292 3389 masculini
1307 3326 1366 3383 Lu-
1435 3356 1438 3361 ·

154 3429 240 3490 cilius
264 3433 428 3501 satyrarum
448 3424 499 3483 lib.
519 3442 559 3480 xv
581 3423 711 3499 'praeter
727 3468 732 3481 .
746 3468 752 3480 .
766 3468 772 3481 .
784 3441 942 3479 summissu
963 3424 1082 3499 (corniola
1102 3421 1367 3497 Guelferbytanus:

153 3525 261 3582 semisse
279 3516 428 3595 impressi)
444 3534 615 3576 ...rnuuss
637 3514 739 3590 (pluris
758 3516 908 3592 impressi)
922 3516 1163 3575 ...medimnus’.”

231 3615 299 3673 433.
338 3611 453 3670 Nonius
474 3628 502 3685 p.
520 3610 637 3683 344,28
659 3607 782 3682 “Meret,
798 3609 910 3667 militat.
940 3608 1071 3668 Lucilius
1085 3615 1250 3686 satyrarum
1264 3610 1314 3671 lib.
1326 3627 1367 3666 xv

155 3709 236 3768 ‘dum
252 3722 432 3766 ...runnss
453 3721 492 3758 sc
512 3708 606 3759 meret
627 3709 672 3760 ter
693 3719 766 3760 saex
786 3719 905 3771 nunnus
927 3702 1014 3776 quasi
1034 3703 1162 3762 anuos’.”

232 3803 299 3861 435.
339 3797 455 3858 Nonius
476 3815 505 3872 p.
521 3794 588 3868 397,
604 3796 642 3852 26
663 3794 809 3853 “Sacrum
835 3794 924 3852 etiam
950 3795 1108 3854 scelestum
1132 3804 1162 3855 et
1181 3784 1367 3855 detestabile.

224 3894 358 3955 Lucilius
384 3898 549 3967 satyrarum
572 3888 623 3945 lib.
637 3907 677 3945 xv
701 3886 747 3947 ‘ac
772 3889 809 3946 de
832 3906 919 3945 rsros
943 3905 1029 3948 sacer
1052 3907 1167 3945 ruuoro
1189 3906 1307 3946 conros
1327 3903 1369 3942 nx

157 3990 300 4052 sirofcnix
315 4032 359 4046 ...
374 3984 514 4045 solitns'.”

155 4092 359 4106 -ν--ι-

235 4133 301 4190 426.
341 4131 448 4206 Aptari
462 4130 529 4186 olim
547 4128 692 4204 impressi.
723 4125 835 4184 ‘iactari
849 4129 886 4202 cj.
901 4128 935 4187 P.
949 4128 1029 4188 lun!
1052 4127 1094 4186 sic
1112 4127 1310 4186 Basileeuses.

158 4211 260 4271 Malim
282 4213 385 4284 capita.
458 4209 574 4282 fluitare
594 4205 704 4263 lunius.

234 4287 300 4344 429.
345 4285 470 4342 lbulleas
485 4302 540 4358 pro
561 4286 676 4340 stomide
696 4279 868 4340 Salmasius,

236 4364 302 4420 435.
343 4361 480 4420 Correxit
501 4360 637 4418 Rothius

213 4492 237 4527 G·
253 4489 360 4526 Lucan
382 4488 572 4525 sATusARuM.
