3044 5032
668 321 709 369 XI

191 488 243 554 hic
265 490 321 555 ubi
345 508 541 573 consessum,
563 489 729 572 pellesque
750 494 786 552 ut
807 487 841 551 in
863 488 976 553 ordino
997 492 1114 571 tentae,

430 659 486 745 qui
508 658 543 723 in
564 658 682 725 latrina
703 659 836 742 languet

189 837 366 898 conventus
388 830 529 915 pulcher,
551 829 687 914 bracae,
710 850 805 914 saga,
829 831 954 913 fulgere
976 836 1105 912 torques

188 939 239 1000 sat
261 934 382 1019 magni,

98 1103 148 1160 355
189 1093 312 1160 Cassin'
338 1094 440 1159 Galus
463 1094 515 1159 hic
543 1094 713 1179 operariu’,
737 1113 831 1177 quem
854 1092 1040 1159 Oefalonem

189 1195 313 1261 dicimu'
337 1202 493 1262 sectorem
518 1195 700 1281 furemque,
723 1197 807 1261 hunc
829 1195 946 1259 Tullin’
971 1195 1107 1274 Quintus

186 1299 283 1364 iudex
305 1297 456 1365 heredem
479 1299 572 1382 facit,
596 1305 628 1364 et
649 1298 794 1365 damnati
816 1298 871 1364 alii
894 1317 1016 1363 omnes.

187 1469 324 1548 Quintus
347 1469 511 1554 Opimius,
535 1470 590 1536 ille
612 1468 793 1552 Iugurthini
815 1476 907 1556 pater
928 1468 1033 1553 huius,

193 1578 225 1637 et
248 1571 410 1637 formosus
432 1572 526 1637 homo
549 1572 609 1638 fuit
630 1577 662 1638 et
684 1571 840 1656 fumosus,
863 1579 1032 1655 utrumque

97 1681 151 1742 366
187 1674 291 1759 primo
314 1674 513 1759 adulescens,
536 1674 696 1760 posterius
720 1674 798 1741 dare
819 1676 928 1742 rectiu'
952 1694 1034 1740 sese.

187 1853 291 1901 annos
312 1833 365 1900 hic
386 1839 473 1900 terra
494 1835 560 1900 iam
582 1835 694 1919 plures
713 1836 806 1901 miles
829 1835 950 1902 Hibera

184 1934 351 2002 nobiscum
372 1943 483 2004 meret.

192 2103 323 2183 praetor
345 2107 454 2165 noster
476 2099 590 2184 adhuc,
614 2120 709 2184 quam
732 2119 865 2185 spurcos
888 2118 943 2164 ore
966 2099 1051 2182 quod
1074 2099 1178 2163 omnis

153 2289 219 2347 351.
259 2286 376 2347 Nonius
397 2307 427 2365 p.
442 2290 507 2361 181,
522 2290 560 2347 29
582 2287 701 2348 ”Teuta
719 2288 829 2347 dictum
849 2304 903 2363 pro
924 2293 1058 2345 extensa.
1145 2284 1223 2363 idem
1241 2284 1292 2343 lib.

78 2399 111 2438 xr
131 2381 189 2440 ‘hic
211 2380 262 2439 ubi
284 2399 464 2439 concussum
482 2381 575 2441 ...in
597 2401 731 2440 onnruns
751 2382 889 2443 tentae'.''

155 2477 220 2535 352.
261 2475 377 2534 Nonius
397 2494 425 2552 p.
438 2477 505 2549 212,
520 2480 537 2536 8
552 2476 712 2538 “Latrinas
727 2495 836 2553 genere
850 2475 991 2535 feminino
1005 2519 1011 2531 .
1042 2480 1072 2531 et
1086 2479 1133 2533 est
1146 2473 1294 2533 lavatrina

75 2569 157 2647 quod
178 2587 254 2629 nunc
280 2570 417 2629 balneum
438 2571 555 2633 dicitur.
598 2573 733 2632 Lucilius
754 2572 805 2631 lib.
821 2590 853 2628 xr
875 2569 936 2646 ‘qui
952 2569 1187 2628 ...r.nuuuun'.”

152 2664 217 2722 353.
265 2663 380 2723 Nonius
406 2683 436 2741 p.
451 2664 519 2738 223,
537 2667 574 2724 33
596 2665 775 2745 “Torquem
795 2666 913 2741 generis
935 2664 1109 2723 masculini.
1158 2663 1292 2722 Lucilius

76 2763 244 2833 satyrorum
264 2757 316 2817 lib.
331 2778 363 2816 xr
384 2759 558 2819 ‘conventus
574 2807 580 2820 .
594 2806 600 2820 .
613 2762 728 2840 ‚brocco
742 2805 748 2819 .
762 2804 768 2818 .
781 2805 787 2818 .
802 2770 925 2836 torquem
945 2775 1036 2814 nnrrs
1061 2756 1197 2832 magni'.’'

74 2851 163 2912 Idem
182 2870 212 2928 p.
228 2853 294 2925 506,
311 2853 349 2910 20
371 2850 522 2928 “Fulgere
543 2860 679 2929 correpte
758 2851 893 2910 Lucilius
909 2857 1071 2927 satyrarum
1092 2850 1142 2909 lib.
1160 2868 1191 2905 xr
1212 2848 1292 2906 ‘oon-

72 2953 179 3006 ventus
233 2991 239 3005 .
254 2952 376 3022 torques
400 2948 535 3024 rnapoi'.'’

152 3042 217 3100 355.
256 3039 372 3098 Nonius
398 3059 427 3117 p.
444 3039 513 3115 276,
527 3043 565 3101 23
586 3041 755 3100 “Damnare
775 3046 822 3100 est
847 3038 1040 3100 exheredare.
1085 3035 1218 3098 Lucilius
1245 3052 1293 3094 sa·

74 3141 205 3211 tyrorum
238 3134 289 3193 lib.
308 3152 340 3190 xr
373 3133 497 3194 ‘cassius
523 3139 610 3212 gaius
690 3142 833 3195 sectorem
858 3135 1001 3210 (sectorem
1026 3127 1291 3207 Guelferbytanus)

74 3245 259 3287 numeneus
280 3219 357 3286 huno
378 3229 479 3288 tullius
501 3248 588 3289 sunu
608 3249 707 3286 runnx
728 3231 822 3306 (iudex
843 3230 911 3288 olim
932 3226 1082 3304 impressi)
1100 3222 1293 3285 ...omnes'.”

153 3323 218 3382 358.
259 3321 376 3381 Nonius
400 3340 428 3399 p.
443 3325 510 3397 305,
523 3325 561 3384 29
582 3322 698 3383 “Fama
718 3330 764 3382 est
784 3341 886 3382 rursus
903 3323 1024 3381 infamia
1038 3367 1045 3380 .
1059 3366 1065 3379 .
1079 3362 1084 3373 .
1100 3318 1178 3377 unde
1200 3324 1231 3375 et
1249 3316 1293 3375 ia-

72 3433 187 3474 mosum
208 3415 318 3475 dictum
346 3421 394 3475 est
412 3417 530 3477 infame.
596 3462 603 3476 .
618 3416 751 3476 Lucilius
779 3421 944 3492 satyrarum
963 3415 1014 3473 lib.
1029 3434 1057 3472 xr
1078 3412 1208 3488 ‘quintus
1229 3428 1292 3466 01²1-

72 3527 136 3568 ruus
152 3528 249 3570 ...nu
277 3510 389 3569 rectius
411 3510 513 3570 sese’.’'

153 3604 217 3663 361.
258 3602 373 3662 Nonius
394 3621 423 3679 p.
438 3604 506 3677 344,
519 3605 556 3662 30
578 3603 701 3678 “Meret
715 3602 830 3662 militet.
853 3647 859 3660 .
875 3646 899 3661 ..
914 3602 992 3660 idem
1011 3601 1060 3659 lib.
1075 3618 1108 3656 xr
1128 3597 1232 3658 ‘annos
1244 3597 1292 3655 hic

72 3715 221 3758 nurerum
236 3743 261 3758 ..
274 3743 280 3757 .
293 3715 448 3754 nrnnnuus
464 3741 471 3756 .
487 3742 494 3755 .
507 3741 513 3755 .
524 3697 651 3756 meret'.''

152 3795 218 3852 363.
258 3791 375 3851 Nonius
403 3808 432 3867 p.
446 3792 512 3865 394,
533 3792 571 3850 22
600 3790 775 3864 “Spurcum
801 3789 891 3848 etiam
917 3790 1047 3850 fetidum.
1156 3785 1292 3843 Lucilius

74 3885 128 3946 lib.
142 3905 174 3943 xr
194 3885 327 3963 ‘praetor
340 3898 348 3945 ἱ
361 3932 367 3945 .
381 3930 387 3945 .
402 3892 495 3962 quam‘
512 3902 646 3942 sruncus
667 3902 717 3946 ore
793 3884 918 3943 unum'.”

154 4069 219 4126 351.
263 4083 413 4124 conoessum
435 4065 484 4122 Fr.
505 4063 620 4123 Dousa.
738 4069 767 4122 to
787 4066 883 4122 ordino
903 4063 972 4122 olim
991 4061 1138 4137 impressi.

153 4144 219 4203 352.
266 4143 376 4218 loopuct
396 4141 508 4199 Iunius.

153 4221 218 4280 356.
256 4223 403 4296 furemque
424 4216 568 4293 Scaliger.

153 4297 222 4355 358.
267 4297 391 4372 Opimius
411 4300 442 4354 et
461 4297 530 4352 dore
549 4293 642 4351 rectiu'
662 4313 717 4354 occe
737 4293 901 4358 Turnebus,

153 4375 221 4436 361.
263 4373 401 4436 correxit
421 4372 595 4432 Pulmerius.
