3044 5032
566 316 830 365 XXVI-XXVIIII

385 482 537 571 [Gretea],
565 504 636 549 cum
659 484 701 548 ad
723 504 775 548 me
797 483 938 548 cubitum
960 488 1104 566 venerat,

198 592 316 673 sponte
338 586 411 669 ipsa
432 594 546 673 suapte
568 586 709 652 adducta
730 593 765 653 ut
786 589 929 652 tunicam
951 591 983 651 et
1005 590 1112 651 cetera

198 689 342 774 reioeret,

634 878 712 942 mihi
735 898 867 944 necesse
891 887 940 945 est
961 879 1068 962 loqui:

105 988 161 1047 82⁰
198 1001 274 1046 nam
296 979 538 1064 scio'Amyolas
560 982 696 1046 tacendo
721 982 867 1065 periisse.

196 1168 403 1254 Carpathium
427 1187 515 1232 mare
537 1173 738 1234 transvectus
762 1169 894 1235 cenabis
917 1168 1032 1235 Rhodi.
1120 1142 1124 1150 Ι

595 1355 682 1441 quod
706 1357 785 1421 mihi
807 1357 1008 1424 commodum

198 1460 279 1525 haut
301 1479 365 1524 una
385 1459 578 1526 vestimenta
601 1459 834 1544 deposiveram.

527 1646 587 1711 has
609 1667 628 1712 e
651 1646 802 1712 fenestris
824 1647 858 1711 in
881 1654 980 1734 caput

106 1756 159 1816 885
197 1748 344 1834 deiciam,
368 1769 469 1835 prope
490 1749 544 1831 qui
567 1748 611 1813 ad
632 1748 751 1813 ostium
773 1749 997 1834 aspiraverint.

195 1937 423 2003 sarcinatorem
446 1956 518 2003 esse
541 1956 710 2022 summum,
733 1957 828 2003 suere
850 1946 1017 2005 centonem
1037 1947 1176 2024 optume.

165 2128 231 2184 816.
272 2125 371 2183 Varro
396 2124 433 2182 de
458 2125 562 2205 lingna
588 2116 751 2184 Latinam
773 2143 801 2199 p.
816 2126 863 2199 58,
881 2126 913 2183 ll
937 2126 1116 2203 “Spondere
1137 2133 1185 2189 est
1206 2129 1303 2189 dicere

85 2219 242 2297 ‘spondeo’
263 2237 281 2277 a
301 2226 407 2295 sponte
429 2219 508 2296 (nam
528 2217 560 2276 id
581 2218 672 2293 valet)
693 2223 723 2278 et
737 2236 755 2278 a
769 2219 928 2277 voluntate.
960 2220 1061 2296 itaque
1076 2223 1210 2283 Lucilius
1227 2224 1300 2283 seri-

88 2314 135 2374 bit
151 2314 189 2372 de
211 2313 332 2387 Grates,
355 2331 420 2371 cum
442 2311 480 2369 ad
503 2329 535 2370 se
556 2312 686 2371 cubitum
707 2313 827 2387 venerit,
848 2317 1053 2374 succoluotate
1073 2317 1243 2393 (delendum
1261 2319 1302 2376 vi·

86 2406 133 2466 dit
158 2406 309 2484 Scaliger)
338 2412 443 2482 sponte
471 2405 567 2482 ipsam
595 2413 700 2482 suapte
726 2406 886 2466 adductam
907 2414 940 2465 ut
960 2409 1089 2468 tonicam
1110 2417 1140 2470 et
1161 2429 1303 2469 curasan

85 2502 237 2581 (impressi
258 2502 361 2576 cetea)
381 2501 533 2559 reiceret.”
614 2500 732 2578 (xxvrn.
757 2500 844 2578 xxix)

166 2600 232 2657 819.
273 2595 395 2658 Servius
413 2595 453 2655 ad
467 2593 619 2653 Aeneidos
633 2614 663 2671 x,
676 2598 733 2654 564
754 2594 900 2654 “...unde
921 2597 1029 2656 tacitae
1046 2600 1189 2675 Amyclae
1206 2601 1303 2660 dictae

85 2700 167 2768 sunt,
178 2692 258 2768 quod
269 2692 381 2768 periere
393 2689 519 2750 silentio.
541 2688 619 2747 unde
632 2690 769 2748 Lucilius
781 2691 823 2749 ait
833 2690 912 2748 ‘mihi
921 2737 927 2749 .
936 2738 942 2751 .
951 2739 956 2750 .
966 2691 1126 2767 periisse'.’'
1184 2695 1301 2770 (xxrrn.

83 2785 176 2863 xxrx)

167 2882 232 2939 821.
274 2879 376 2938 Iunius
405 2877 610 2954 Philargyrius
638 2878 677 2938 ad
699 2878 860 2955 georgicon
881 2879 990 2950 1v‚38'l
1013 2881 1221 2958 “Carpathio,
1241 2884 1302 2942 Ae·

83 2975 207 3052 gyptio:
238 2972 410 3050 Carpathos
435 2972 512 3032 enim
537 2971 636 3031 insula
660 2976 708 3030 est
733 2975 867 3049 Aegypti
892 2976 951 3049 vel,
978 2982 1010 3035 nt
1032 2976 1195 3052 Pompeius
1221 2977 1302 3053 dicit,

83 3070 185 3129 insula
199 3067 393 3128 Rhodiorum.
425 3068 473 3125 alii
488 3067 540 3126 sic.
568 3066 762 3143 Carpathium
782 3086 861 3126 mare
882 3069 957 3126 inter
970 3068 1112 3129 Rhodum
1126 3079 1157 3130 et
1170 3074 1302 3131 Alexan-

85 3163 199 3237 driam,
226 3162 308 3238 quod
335 3162 441 3222 abesse
470 3162 652 3238 (appellatam
677 3160 762 3233 esset)
786 3161 894 3221 dicitur
914 3181 932 3222 a
954 3163 1110 3240 Carpatho
1130 3167 1236 3226 insula.
1272 3173 1304 3226 nt

87 3257 224 3317 Lucilius
246 3254 453 3332 ‘Carpathium
469 3302 475 3314 .
490 3255 664 3315 ..Rhodi’.''
747 3257 867 3330 (xxvur.
892 3258 979 3332 xxix)

168 3353 235 3409 822.
274 3351 412 3408 Donatus
434 3351 473 3408 ad
494 3351 628 3410 Terentii
646 3349 854 3408 Phormionem
870 3353 940 3424 1v‚3
960 3370 989 3428 p.
998 3352 1054 3410 481
1077 3351 1303 3429 “Commodum,

85 3444 243 3506 commoda
271 3444 438 3504 aestimatio
464 3451 510 3504 est
538 3449 750 3515 (cestianatioae)
777 3444 928 3520 temporis.
961 3446 1160 3522 commodum,
1188 3453 1303 3507 tantum

86 3539 177 3617 quod.
206 3539 342 3597 Lucilius
364 3537 454 3614 ‘qnod
469 3539 539 3598 mihi
560 3541 745 3600 commodum
765 3559 823 3597 nsr
843 3548 893 3597 out
907 3557 965 3596 una
986 3538 1056 3614 (oda
1071 3540 1139 3598 olim
1154 3541 1302 3618 impressi)

86 3633 266 3694 vestimenta
286 3635 465 3708 deposcerem
485 3634 672 3710 (reposcerem
693 3635 762 3692 olim
783 3632 970 3710 impressi)’.”
1050 3634 1169 3708 (xxvrn.
1193 3636 1280 3711 xxrx)

166 3729 232 3787 824.
272 3728 388 3787 Nouius
409 3746 438 3803 p.
451 3729 517 3803 288,
532 3722 576 3785 30'
591 3727 736 3788 “Deieere
755 3728 864 3788 dicitur
883 3727 1008 3787 mittere.
1030 3727 1230 3787 ...Lucilius
1250 3730 1301 3788 lib.

86 3838 179 3882 xxrrr
197 3822 262 3882 'has
288 3841 326 3879 nr
352 3837 525 3878 rnnnsrnns
551 3819 694 3894 (senatres
713 3822 870 3882 Leidensis
897 3823 1029 3882 secunda
1048 3840 1136 3881 manu
1156 3828 1185 3882 et
1206 3822 1302 3882 Gene-

87 3916 201 3992 vensis)
221 3934 437 3976 omnicrunr
464 3915 593 3992 (deiciam
615 3913 774 3975 Leidensis
795 3923 826 3976 et
846 3915 1045 3992 Generensis)
1067 3935 1120 3977 nur
1140 3935 1241 3973 asora
1264 3916 1303 3974 ad

87 4011 220 4072 hostium
242 4008 476 4088 aspiraverint'.''
549 4007 658 4086 (xxvrn
680 4024 718 4067 an
738 4008 849 4087 xxrxi)

167 4107 232 4166 826.
273 4105 390 4166 Nonius
410 4121 440 4179 p.
455 4100 518 4176 175,
530 4104 567 4160 32
589 4101 793 4163 “Sarcinator.
822 4104 956 4168 Lucilius
976 4109 1026 4168 lib.
1038 4121 1141 4162 XXVII!
1160 4105 1301 4166 ‘sarcina-

87 4207 182 4260 torem
199 4246 206 4260 .
219 4246 226 4260 .
238 4245 245 4260 .
257 4197 414 4277 optume'.”
492 4197 580 4272 (xxix
588 4195 613 4270 i)

167 4382 233 4447 824.
276 4381 431 4461 ejcncstro's
450 4376 558 4440 Aldus.
