3044 5032
762 280 892 317 rncssnra

330 436 499 533 Porphyrio
521 436 560 495 ad
580 409 698 495 Horatii
719 453 834 494 sermm
849 438 877 511 3,
889 437 927 494 41
949 433 1100 526 “Brimum
1116 434 1270 511 inquiram.
1297 432 1440 509 Ostendit

331 531 402 607 quid
423 531 463 591 sit
482 531 571 604 furor,
592 535 625 589 nt
644 527 805 590 Lucilius.''

330 729 475 790 Horatius
503 744 668 788 sermonum
687 744 718 801 11,
741 728 767 800 1,
785 727 823 784 30
845 725 927 785 “Ille
947 726 1029 785 velut
1053 724 1119 784 fidis
1146 740 1258 783 arcana
1283 722 1439 784 sodalibus

331 825 399 884 olim
416 822 570 882 credebat
590 820 685 896 libris,
705 837 811 896 neque,
832 820 858 878 si
872 821 949 879 male
963 825 1105 893 cesserat,
1126 808 1253 894 usquam
1266 818 1438 878 Decurrens

331 918 404 992 alio,
426 934 522 994 neque
544 915 568 975 si
589 915 692 976 bene.'’
795 912 963 990 Porphyrio
985 911 1067 973 “Ille
1088 913 1215 972 enimin
1235 911 1296 971 suis
1317 912 1440 988 scriptis

332 1011 465 1071 ostendit
480 1010 652 1087 Sapphouis
667 1015 697 1067 et
707 1009 812 1068 Alcaei
828 1007 977 1067 volumina
988 1023 1021 1068 se
1031 1009 1099 1068 loco
1111 1008 1256 1068 sodalium
1270 1005 1440 1068 habuisse.’'

429 1109 510 1164 Acro
531 1108 563 1164 et
582 1109 795 1163 commentator
817 1101 1007 1180 Oruquiauus
1028 1102 1141 1179 ntem
1162 1099 1239 1160 “Ille
1262 1101 1342 1160 velut
1361 1100 1440 1162 fidis.

333 1197 401 1258 Hoc
416 1198 549 1258 Lucilius
570 1215 607 1256 ex
622 1198 815 1256 Anacreonte
830 1195 948 1256 Graeco
970 1194 1090 1273 (omittit
1107 1193 1213 1272 Cruq.)
1233 1194 1325 1254 traxit
1339 1201 1371 1252 et
1383 1195 1439 1253 Al-

336 1309 409 1351 caeo
430 1291 527 1368 (addit
548 1292 716 1368 Sopptoque
731 1288 859 1366 Graecis)
880 1288 989 1365 lyricis,
1010 1307 1086 1366 quos
1106 1289 1149 1348 ait
1161 1288 1362 1349 Aristoxenus
1382 1288 1439 1350 lib·

335 1386 375 1445 ris
395 1386 525 1462 propriis
546 1386 706 1445 amicorum
725 1386 794 1444 loco
811 1400 884 1443 usos
904 1384 998 1444 esse.”

335 1583 444 1643 Curius
460 1583 692 1642 Fortunatianus
713 1583 814 1643 rhetor
832 1582 882 1640 lib.
894 1600 928 1638 111
948 1598 978 1658 p.
990 1583 1027 1640 92
1048 1580 1149 1655 “Quid
1168 1581 1217 1641 hio
1237 1580 1319 1641 aliud
1338 1582 1438 1642 obser·-

335 1677 491 1738 vehimus?
512 1694 589 1755 quae
610 1678 703 1738 rerba
722 1676 818 1752 magis
840 1673 977 1735 sonantia
995 1676 1063 1750 sint,
1083 1675 1231 1752 capotius
1248 1676 1438 1751 collocemus,

333 1789 411 1848 quac
427 1770 560 1831 Lucilius
581 1763 706 1850 εὔφωνα
726 1770 869 1847 appellat,
889 1769 921 1828 id
941 1776 988 1828 est
1002 1770 1087 1846 qnasi
1100 1769 1226 1828 vocalia.
1246 1776 1281 1828 ut
1293 1787 1349 1846 pro
1364 1770 1438 1830 (loe-

289 1866 291 1870 '
336 1865 376 1923 lio
399 1865 492 1923 ‘aliud
510 1865 567 1923 fori
587 1865 684 1923 lumen
705 1871 761 1940 est,
781 1863 865 1924 aliud
883 1863 1073 1941 lychnorum,
1094 1881 1159 1923 cum
1180 1864 1331 1940 potuisset
1352 1865 1439 1924 etiam

337 1960 478 2018 structius
499 1958 598 2018 dicere
619 1958 709 2029 ‘aliud
729 1958 949 2044 lucernarum'.’'

336 2157 458 2215 Servius
478 2155 517 2214 ad
530 2154 684 2215 Aeneidos
696 2175 759 2230 vnr,
770 2157 807 2214 83
829 2154 1044 2232 “Conspicitur
1065 2174 1122 2215 sus.
1150 2155 1294 2215 Horatius
1316 2155 1357 2214 ‘et
1370 2157 1437 2216 ami-

336 2269 372 2310 ca
401 2251 464 2309 luto
490 2249 557 2308 sus’.
594 2248 746 2307 sciendum
770 2256 869 2309 tamen
889 2250 946 2309 hoc
970 2267 1037 2310 esse
1058 2248 1208 2325 uitiosum,
1233 2251 1439 2328 monosyllabo

240 2410 243 2415 ,
340 2345 414 2402 finiri
428 2361 558 2418 versum,
580 2342 637 2401 nisi
652 2344 727 2404 forte
743 2344 810 2420 ipso
824 2345 1029 2421 monosyllabo
1049 2344 1368 2421 minoraexpticentur
1381 2343 1441 2402 ani-

340 2439 444 2513 malia,
464 2444 497 2496 ut
517 2436 691 2515 ‘parturient
710 2443 839 2511 montes,
860 2445 1000 2498 nascetur
1019 2439 1161 2499 ridiculus
1182 2439 1264 2498 mus'
1294 2437 1443 2513 gratiores¹

338 2534 415 2592 enim
436 2549 540 2590 versus
560 2531 610 2590 isti
631 2537 700 2591 sunt
722 2530 884 2592 secundnm
904 2531 1077 2592 Lucilium.”

336 2730 456 2789 Servius
478 2728 518 2789 ad
538 2728 692 2788 Aeneidos
711 2747 753 2805 rx,
773 2728 830 2789 573
852 2729 992 2793 “anuea
1013 2729 1148 2807 Turnus,
1170 2731 1286 2790 Turnus
1307 2730 1386 2807 Ityn.
1408 2736 1441 2791 ut

336 2825 378 2884 ait
396 2823 530 2883 Lucilius
552 2822 672 2882 ‘bonum
693 2824 814 2884 schema
833 2831 880 2886 est
901 2826 1037 2902 quotiens
1059 2842 1164 2886 seusus
1186 2828 1317 2888 variatur
1336 2828 1367 2886 in
1387 2829 1440 2889 ite·

302 2921 304 2925 '
336 2920 450 2979 ratione
471 2917 643 2993 verborum,
664 2924 695 2978 et
713 2918 743 2978 in
763 2918 821 2978 fine
840 2918 956 2997 positus
977 2920 1127 2997 sequentis
1147 2920 1182 2980 fit
1200 2923 1370 2993 exordium
1391 2923 1440 3001 qui

231 3015 234 3020 ’
341 3013 511 3090 appellatur
531 3011 674 3072 climax'.”

336 3209 456 3270 Servius
484 3210 524 3270 ad
544 3210 697 3270 Aeneidos
714 3228 778 3286 vm,
799 3212 817 3269 9
843 3209 1029 3272 “Diomedes
1054 3220 1214 3291 postquam
1240 3217 1374 3291 repperit
1398 3217 1443 3275 ira

337 3305 464 3365 Veneris
490 3324 508 3364 a
534 3323 565 3364 se
593 3306 766 3366 'vulneratae
791 3323 913 3365 uxorem
936 3307 1114 3383 Aegialeam
1140 3308 1221 3385 apud
1246 3311 1348 3384 Argos
1375 3328 1440 3368 cum

336 3399 497 3475 Cyllabaro
524 3405 558 3460 ut
582 3399 715 3459 Lucilius
741 3401 789 3459 vel
810 3400 935 3461 Cometa
960 3407 992 3461 ut
1011 3402 1146 3478 plerique
1172 3403 1294 3463 tradunt
1315 3405 1442 3480 turpiter

337 3493 436 3553 rivere
457 3493 553 3554 noluit
571 3494 680 3556 reverti
701 3495 741 3556 ad
760 3494 914 3573 patriam.”

335 3683 441 3743 Cicero
463 3681 499 3741 de
519 3683 569 3747 fin.
589 3682 658 3744 bon.
680 3688 712 3745 et
731 3685 799 3745 mal.
814 3704 843 3760 v,
862 3687 908 3762 30,
923 3688 961 3745 92
987 3684 1051 3746 “At
1070 3685 1126 3746 hoc
1146 3687 1177 3746 iu
1197 3704 1234 3747 ec
1253 3689 1293 3747 M.
1317 3689 1442 3762 Crasso,

337 3793 424 3854 quem
445 3776 536 3835 semel
556 3777 598 3836 ait
621 3779 651 3838 iu
674 3779 737 3839 vita
757 3778 859 3850 risisse
881 3780 1032 3856 Lucilius,
1056 3797 1116 3840 non
1137 3782 1276 3858 contigit,
1302 3790 1335 3843 ut
1354 3802 1392 3843 ea
1411 3802 1442 3843 re

335 3872 431 3930 minus
452 3863 632 3948 ἀγέλαστος,
651 3881 683 3935 nt
703 3873 746 3933 ait
765 3873 852 3948 idem,
872 3874 1054 3935 uocaretur.”
1133 3876 1219 3936 Idem
1240 3875 1364 3937 Tuscnl.
1384 3878 1442 3937 dis·

337 3969 401 4044 put.
412 3984 455 4041 111,
473 3966 517 4040 15,
532 3967 569 4024 31
592 3965 678 4027 “Nec
691 3984 763 4027 vero
779 3985 815 4027 ea
828 3969 909 4029 frons
929 3975 1003 4044 erat,
1026 3986 1102 4046 quae
1122 3972 1162 4031 M.
1177 3971 1280 4032 Crassi
1295 3971 1372 4032 illius
1394 3990 1443 4032 ve·

336 4062 417 4135 teris,
439 4077 525 4137 quem
546 4061 639 4120 semel
660 4061 701 4121 ait
720 4060 750 4120 in
765 4063 843 4121 omui
855 4063 917 4122 rita
935 4063 1039 4122 risisse
1054 4064 1214 4124 Lucilius.''
1291 4069 1443 4127 Asconius

335 4155 429 4215 falsus
448 4155 478 4212 in
506 4153 653 4214 actionem
671 4173 682 4210 1
701 4155 732 4214 in
752 4155 878 4215 Verrem
895 4159 913 4216 5
933 4176 964 4235 p.
980 4160 1034 4217 128
1056 4158 1134 4219 Bait.
1156 4158 1267 4219 ‘Semel
1293 4161 1334 4219 ait
1360 4178 1393 4220 se
1413 4161 1444 4220 in

335 4249 397 4308 vita
413 4249 618 4326 pertimuisse!
650 4247 720 4308 “Ex
740 4248 844 4310 eodem
865 4268 955 4311 sensu
975 4259 1035 4328 est,
1061 4253 1142 4331 quod
1162 4256 1253 4314 semel
1273 4255 1303 4313 iu
1324 4255 1387 4316 vita
1406 4256 1444 4315 ri·

160 4334 163 4341 ’
242 4418 245 4423 1
335 4343 412 4409 sisse
433 4342 577 4410 Crassum
597 4343 700 4410 scribit
715 4343 877 4411 Lucilius.'’
919 4343 1032 4411 Confer
1045 4346 1234 4415 Macrobium
1255 4347 1358 4428 Satn,
1377 4352 1403 4427 1,
1414 4351 1449 4426 6,
