3044 5032
719 332 799 382 xxx

259 499 424 585 insperato
446 497 534 584 obiit,
558 519 653 584 quem
674 521 741 568 una
763 499 884 582 angina
906 497 1038 564 abstulit
1059 493 1150 565 hora.

168 694 219 754 335
262 707 326 772 quo
348 707 445 754 nosse
467 689 643 772 arquatos‘?
670 708 851 774 surgamus,
874 708 995 773 eamus,
1019 706 1165 770 agamus.

262 878 430 945 culcitulae
453 877 611 944 accedunt
631 878 746 963 privas
769 873 949 945 centonibu’
971 876 1068 944 binis.

263 1088 359 1152 quam
381 1088 432 1133 me
454 1067 516 1133 hoc
537 1072 691 1151 tempore,
715 1072 864 1150 nugator,
888 1085 1084 1148 cognoscere
1106 1085 1171 1131 non
1193 1066 1243 1132 vis

260 1257 459 1341 Euplocamo
483 1255 604 1340 digitis,
628 1254 939 1338 discemiculumque
963 1254 1081 1340 capillo

266 1445 340 1511 cuia
361 1464 461 1530 opera
485 1443 663 1530 [Troginu’]
688 1443 772 1508 calix
794 1464 853 1529 per
876 1450 982 1509 eastra
1005 1443 1140 1510 cluebat.
1175 1484 1181 1493 ·

170 1640 222 1700 311
261 1632 378 1700 clauda
395 1646 464 1697 una
486 1638 535 1698 est
555 1632 694 1717 pedibus
717 1632 851 1698 cariosis
873 1652 986 1698 mensa
1007 1633 1133 1710 Liboni.

263 1825 320 1889 illo
344 1821 422 1906 quid
444 1821 509 1907 fiat,
533 1821 648 1887 Lamia
670 1828 702 1888 et
726 1822 832 1902 [Pitto]
858 1823 1060 1908 oxyodontes

263 1926 340 2011 quoi
362 1925 503 2009 veniunt,
525 1925 601 1990 illae
624 1925 755 2007 gumiae
778 1926 907 1991 vetulae
929 1926 1087 2010 inprobae
1110 1926 1263 2012 ineptae?

154 2065 365 2084 ρ

232 2125 297 2185 864.
338 2122 561 2198 Nonius.p.35,
577 2125 612 2180 lc
634 2120 786 2196 “Angina,
808 2138 902 2194 genus
923 2118 1030 2197 morbi,
1050 2139 1085 2182 eo
1106 2123 1186 2199 quod
1207 2129 1308 2199 angat.
1336 2130 1367 2183 et

159 2219 272 2281 Graece
288 2234 419 2295 synanca
440 2219 617 2293 appellatur.
642 2215 774 2273 Lucilius
794 2215 847 2275 lib.
858 2234 922 2273 xxx
943 2216 1103 2293 ‘insperato
1120 2223 1367 2296 sarr...aopaiau

161 2332 303 2373 susrunrr
323 2311 431 2370 hora'.''

233 2411 298 2468 865.
338 2405 455 2470 Nonius
477 2424 505 2483 p.
521 2407 568 2480 35,
586 2407 621 2463 15
650 2405 824 2481 “Arquatus
847 2406 968 2464 morbus
990 2406 1086 2467 dictus
1108 2408 1159 2484 qui
1178 2408 1277 2482 regius
1298 2407 1368 2466 dioi-

158 2509 217 2577 tm,
238 2501 319 2578 quod
340 2518 428 2559 arcus
450 2500 488 2558 sit
509 2500 647 2558 concolor
668 2499 704 2558 de
724 2501 836 2574 virore,
851 2499 898 2558 vel
918 2501 999 2576 quod
1019 2503 1063 2560 ita
1084 2502 1213 2578 stringat
1234 2519 1368 2579 corpora,
1457 2549 1460 2558 .

158 2604 189 2657 ut
207 2598 237 2655 in
259 2614 358 2655 areum
380 2594 479 2652 ducat.
512 2593 607 2655 ‘ouon
628 2613 686 2652 nos
707 2583 779 2652 nssn
801 2601 942 2671 arquatos
958 2597 1175 2671 ...agamns'.”

232 2694 297 2751 866.
339 2690 456 2750 Nonius
477 2689 561 2763 p.35,
572 2690 609 2747 20
631 2688 771 2747 “Privum
787 2695 834 2747 est
848 2690 999 2764 proprium
1013 2691 1099 2748 nnius
1115 2691 1270 2766 cuiusque3
1291 2689 1369 2748 unde

159 2793 186 2846 et
204 2805 252 2846 res
274 2787 399 2863 privata.
425 2781 560 2841 Lucilius
581 2781 702 2840 libxxx
722 2781 890 2840 ‘culcitulae
912 2784 1061 2856 (calciare
1079 2782 1251 2859 Leidensis)
1266 2828 1273 2841 .
1286 2829 1293 2842 .
1307 2829 1313 2842 .
1325 2785 1368 2842 bi·

158 2883 219 2942 uis'.
251 2881 329 2939 idem
351 2878 521 2937 ‘abdomina
540 2877 625 2934 tnnni
645 2876 732 2952 priva
753 2875 867 2936 dabo'.’'

232 2977 297 3036 867.
338 2974 455 3032 Nonius
473 2973 561 3047 p.35,
573 2972 610 3028 23
632 2968 800 3045 “Nugator,
820 2971 907 3046 nugis
923 2972 1068 3030 turbator.
1092 2971 1225 3032 Lucilius
1239 2973 1290 3031 lib.
1305 2992 1369 3031 xxx

157 3069 254 3149 ‘quam
270 3114 315 3129 ...
329 3066 407 3127 vis'.''
1041 3129 1044 3132 .

233 3167 298 3225 868.
339 3162 455 3221 Nonius
476 3181 505 3238 p.
523 3163 570 3235 35,
587 3163 623 3220 3l
645 3160 909 3236 ‘'Discerniculnm,
930 3179 1002 3220 acus
1023 3180 1099 3238 quae
1121 3163 1248 3239 capillos
1270 3162 1369 3221 mulie-

152 3277 218 3321 rum
239 3264 307 3320 ante
321 3258 447 3316 frontem
461 3255 575 3331 dividit,
597 3255 678 3315 diota
693 3274 711 3314 a
726 3255 934 3315 discernendo.
963 3256 1097 3316 Lucilius
1112 3257 1162 3315 lib.
1172 3277 1238 3314 xxx
1259 3256 1369 3334 ‘euplo-

152 3372 241 3417 camo
258 3398 264 3412 .
277 3397 284 3412 .
297 3398 304 3412 .
316 3350 462 3427 capillo'.''

236 3448 301 3506 869.
342 3444 460 3504 Nonius
487 3463 518 3521 p.
534 3447 582 3516 81,
601 3445 637 3502 31
665 3444 761 3505 “Onia
781 3462 834 3520 pro
857 3445 948 3503 cuius.
987 3446 1120 3505 Lucilius
1141 3445 1192 3503 lib.
1209 3462 1274 3500 xxx
1295 3443 1372 3503 ‘cuia

152 3541 368 3603 ...cluebat’.''
464 3539 548 3598 Idem
570 3556 599 3614 p.
615 3536 661 3612 81,
676 3541 714 3598 32
735 3539 860 3614 “Clnet,
881 3539 1056 3598 nominatur.
1088 3538 1222 3598 Lucilius
1243 3539 1293 3598 lib.
1307 3558 1372 3597 xxx

153 3635 235 3714 ‘quia
251 3681 276 3696 ..
289 3681 295 3695 .
308 3634 461 3695 cluebat'.''

236 3728 302 3790 870.
342 3728 459 3788 Nonius
479 3746 508 3803 p.
524 3729 571 3802 83,
588 3727 623 3785 12
644 3723 769 3786 “Garios
790 3731 838 3786 est
857 3731 1000 3788 vetustas.
1086 3729 1220 3790 Lucilius
1240 3730 1291 3791 lib.
1306 3750 1371 3788 xxx

152 3821 286 3883 ‘sununs
300 3870 307 3885 .
319 3871 326 3884 .
338 3869 345 3884 .
356 3820 614 3880 manserimus?

233 3919 298 3980 871.
339 3916 455 3977 Nonius
475 3934 504 3993 p.
521 3914 585 3990 111,
602 3917 639 3972 33
661 3913 814 3992 “Gemiae,
836 3917 942 3992 gulosi.
973 3917 1107 3978 Lucilius
1130 3920 1206 3978 libro
1226 3938 1291 3977 xxx
1311 3918 1371 3977 ‘illo

157 4043 359 4054 *ιι-..ι-

233 4101 298 4159 864.
339 4098 452 4158 obstalit
473 4097 586 4157 Iunius.
667 4097 788 4157 *Confi
804 4098 951 4158 commin
974 4101 1065 4158 Lucr.
1085 4118 1115 4175 p.
1130 4102 1196 4159 355.

234 4180 299 4236 865.
340 4176 450 4234 Lucilii
475 4194 591 4234 versum
611 4193 676 4234 esse
699 4194 801 4234 omnes
822 4176 974 4235 viderunt:
1005 4176 1058 4235 sed
1079 4183 1125 4235 est
1145 4195 1183 4235 ex
1203 4177 1278 4236 libro
1299 4196 1371 4253 xxx,

158 4273 175 4314 e
200 4273 260 4333 quo
282 4255 399 4313 Nonius
421 4253 519 4312 omnia
541 4254 666 4330 sumpsit
687 4271 761 4330 quae
783 4259 853 4312 sunt
872 4255 903 4312 in
922 4255 1029 4313 vicinia
1048 4253 1133 4312 huius
1155 4255 1285 4330 capituli.

233 4336 299 4392 870.
340 4351 432 4390 marsa
452 4332 555 4390 Liboni
576 4330 721 4406 Scaliger.

235 4413 300 4470 871.
344 4408 481 4484 Scaliger
501 4409 541 4467 ad
554 4409 722 4468 Varronem
744 4408 782 4467 de
803 4408 906 4483 lingua
926 4407 995 4467 Lat.
1012 4425 1042 4485 p.
1057 4411 1111 4470 155
1132 4419 1158 4469 et
1175 4411 1266 4488 Pptto
1289 4431 1371 4491 ospo-
