3044 5032
563 320 699 373 I-XXV.
723 322 803 373 XXX

186 488 259 574 quis
281 494 382 555 totum
404 487 468 556 scis
491 490 555 555 iam
579 507 695 574 corpus
718 487 883 575 perolesse
905 487 1037 557 bisulcis

186 715 253 761 non
274 714 448 778 numquam
472 694 562 761 dabit
584 695 656 780 ipsa
678 699 768 761 aetas
791 695 878 779 qnod
899 697 1001 782 prosit
1022 697 1180 764 habendo.

93 904 146 965 995
484 899 612 969 Arabus
637 899 781 988 [artemo]

487 1260 708 1346 I-XXV.
752 1259 886 1360 XXX

96 1479 118 1520 *
183 1477 416 1562 1999999919,
438 1477 564 1562 Albuci,
588 1496 684 1561 quarn
705 1477 883 1542 Romanum
905 1481 1002 1559 atque
1024 1476 1189 1562 Sabinum,

181 1581 375 1665 municipem
396 1581 499 1666 Ponti,
522 1578 676 1662 Tritanni,
701 1578 931 1663 centurionum,

181 1683 422 1768 praeclarorum
442 1683 606 1749 hominnm
628 1699 667 1746 99
688 1681 863 1764 primorum
885 1681 1149 1769 signiferumque,

183 1783 325 1850 maluisti
347 1784 425 1851 dici.
465 1785 589 1852 Graece
612 1802 688 1866 ergo
710 1788 840 1869 praetor
862 1784 1006 1871 Athenis,

91 1892 143 1953 999
182 1887 216 1952 id
238 1887 324 1969 quod
347 1887 498 1974 maluisti,
521 1895 563 1973 te,
586 1907 657 1953 cum
679 1885 723 1953 ad
745 1907 795 1953 me
818 1887 949 1971 accedi’,
972 1889 1092 1953 saluto:

184 1987 308 2075 chaere,
331 1991 474 2074 inquam,
497 1991 579 2056 Tite.
610 1989 748 2075 lictores,
771 1989 877 2055 turma
899 1991 993 2055 omni’
1018 1991 1195 2075 cohorsque

183 2090 320 2177 9199999,
342 2093 432 2160 Τί19’.
463 2092 537 2158 hino
558 2091 662 2158 hostis
684 2093 728 2157 mi
749 2092 914 2177 Albucius,
937 2090 1012 2158 hinc
1033 2094 1191 2161 inimicus.

155 2371 220 2430 983.
265 2368 435 2428 Priscianus
456 2387 485 2444 p.
497 2366 552 2427 812
574 2364 636 2426 “Ι11
656 2365 789 2426 similiter
809 2365 930 2426 redoleo
952 2374 982 2427 91
1002 2369 1133 2428 99991991
1152 2376 1182 2430 91
1201 2370 1287 2430 redo-

73 2465 125 2538 lui,
148 2463 291 2539 quianon
310 2466 426 2521 mutant
445 2461 699 2538 significationem.
723 2505 769 2520 ...
787 2459 920 2522 Lucilius
939 2479 1009 2522 9999
1026 2464 1055 2522 19
1068 2482 1134 2521 xxx
1154 2463 1230 2541 ‘quis
1242 2512 1248 2524 .
1261 2511 1286 2524 ..

74 2575 196 2616 9999999
217 2574 272 2613 rum
287 2602 294 2615 .
307 2602 313 2616 .
326 2602 333 2616 .
345 2557 488 2631 bisulcis',
510 2575 565 2635 pro
586 2554 793 2633 perolevisse.''

152 2651 218 2709 984.
259 2650 362 2709 Ι99199
385 2651 592 2728 Philargyrius
614 2651 653 2710 ad
673 2649 837 2725 georgicon
857 2667 900 2724 999,
923 2652 977 2710 159
999 2650 1050 2709 ‘Et
1069 2668 1144 2728 9999
1165 2658 1218 2711 991
1236 2671 1287 2730 pe·

73 2746 135 2804 cori
162 2745 266 2803 malint
286 2745 459 2804 submittere
487 2744 643 2805 habendo'.
681 2743 863 2816 “Habendo,
882 2742 914 2801 id
933 2743 1014 2820 qnod
1034 2744 1168 2805 habetur.
1198 2746 1286 2805 Loci-

73 2839 129 2898 lius
151 2837 182 2897 in
200 2857 265 2896 xxx
286 2838 506 2916 ‘nonnunquam
522 2885 528 2899 .
542 2885 548 2898 .
561 2885 568 2898 .
580 2855 689 2896 999999
711 2836 884 2897 habendo’.'’

151 2934 217 2994 985.
261 2932 416 2992 Charisius
437 2952 467 3010 p.
481 2935 518 2992 99
539 2931 671 2992 “Arabis
691 2931 780 2990 Maro
794 2976 800 2990 .
813 2977 819 2991 .
833 2977 839 2991 .
851 2931 923 3008 quid
943 2949 1024 3008 ergo,
1047 2933 1073 2991 91
1093 2933 1135 2992 919
1157 2932 1286 2994 declina-

73 3027 115 3088 vit
134 3033 169 3087 ut
187 3028 314 3088 Plautus
335 3028 365 3086 in
385 3026 588 3087 Bacchidibus
609 3031 640 3086 91
659 3025 689 3086 19
705 3026 842 3086 Ρ999919
863 3027 995 3086 ‘Arabus
1017 3028 1190 3104 myrrhinus,
1210 3023 1285 3088 odor

72 3121 223 3182 Arabns’l
248 3121 382 3181 Lucilius
396 3140 462 3178 xxx
476 3108 595 3180 ‘arabus
617 3121 746 3181 artemo’.
772 3121 898 3199 deniqne
919 3129 949 3182 91
970 3121 1007 3183 G.
1025 3121 1151 3184 Cassius
1173 3124 1204 3181 in
1223 3124 1284 3201 epi·

72 3219 153 3277 stola
173 3235 260 3295 99999
282 3217 318 3276 de
338 3216 498 3276 Dolabella
518 3217 639 3294 scripsit
664 3215 770 3275 ‘Arabi
794 3216 916 3276 mirilico
937 3217 1035 3277 animo
1057 3237 1129 3294 erga
1149 3236 1203 3278 nos
1224 3219 1285 3278 fue-

72 3312 149 3371 9991
170 3310 292 3388 199911.”

148 3407 213 3465 986.
255 3405 360 3465 Cicero
386 3403 423 3463 de
449 3404 498 3462 lin.
514 3405 584 3464 bon.
599 3412 629 3466 et
649 3404 716 3464 mal.
730 3424 750 3479 1,
767 3405 827 3480 3,9
849 3403 931 3466 “Res
958 3423 1029 3467 9999
1049 3406 1160 3481 bonas,
1185 3405 1285 3464 verbis

72 3500 179 3560 electis
202 3500 333 3576 graviter
357 3504 519 3575 ornateque
547 3499 658 3576 dictas,
684 3502 750 3580 quis
777 3520 835 3560 non
861 3498 964 3577 legat?
991 3500 1047 3558 nisi
1072 3501 1123 3577 qui
1143 3517 1175 3558 99
1195 3499 1285 3576 plane

70 3591 221 3654 Graecum
242 3593 301 3652 dici
322 3594 407 3668 velit,
427 3598 461 3652 ut
480 3609 499 3652 a
519 3591 668 3654 Scaevola
688 3601 736 3656 est
754 3601 893 3673 praetore
915 3596 1061 3655 salutatus
1082 3593 1210 3654 Athenis
1229 3595 1285 3653 Al-

70 3689 189 3748 bucius.
225 3704 311 3765 quern
334 3686 452 3762 quidem
476 3687 574 3746 locum
599 3706 664 3749 cnm
684 3691 779 3750 multa
799 3695 954 3749 venustate
975 3692 1005 3748 91
1026 3689 1104 3748 omni
1124 3690 1186 3749 9919
1206 3689 1285 3748 idem

70 3782 216 3855 Lucilius,
238 3781 318 3859 apud
334 3798 421 3857 quern
436 3782 589 3857 praeclare
605 3781 755 3844 Scaevola
768 3782 926 3844 ‘Graecum
939 3830 945 3844 .
956 3830 962 3844 .
974 3784 1076 3845 ,919999
1097 3783 1175 3862 (carc
1188 3784 1283 3843 codex

70 3875 281 3953 Erlangensis)
298 3921 303 3934 .
317 3921 323 3934 .
337 3923 343 3935 .
357 3876 449 3935 omnis
472 3894 657 3938 9999999999
671 3924 679 3939 .
692 3925 698 3939 .
712 3879 899 3940 .191991999’.”

148 4141 214 4201 984.
245 4137 480 4202 *conscensa
497 4141 527 4200 in
547 4141 637 4221 Lucr.¹
657 4162 686 4220 p.
702 4144 767 4203 212.

147 4220 213 4279 985.
253 4229 358 4280 artemo
378 4218 409 4277 in
429 4236 546 4279 9999999
559 4220 763 4283 hexametrum
776 4223 886 4287 intrare
901 4241 959 4283 non
974 4226 1081 4300 potest.
1107 4237 1202 4298 99999
1217 4221 1277 4299 epi-

68 4295 172 4358 theton
193 4296 337 4356 artemoui
357 4296 516 4356 convenire
536 4303 617 4374 puto.

146 4375 212 4435 991.
253 4375 402 4454 cohorsque
422 4375 583 4437 Manutius.
